3106 5086
656 492 723 555 31·

167 734 419 820 quattuorviros,
453 752 539 796 anno
572 732 615 795 43
647 728 749 793 officio
782 726 936 792 monetali
967 725 1095 790 functos
1119 748 1185 790 esse

168 873 376 936 contendant.

214 1013 321 1077 Primo
345 1013 432 1076 enim
457 1012 527 1075 loco
550 1034 634 1075 unus
657 1032 694 1075 ex
718 1011 757 1074 iis
785 1009 942 1095 (Clodius)
970 1009 1115 1073 denarios
1143 1010 1185 1072 si·

168 1153 283 1237 gnavit
300 1156 396 1235 caput
420 1152 559 1216 Caesaris
584 1150 769 1216 exhibentes
792 1151 968 1234 titulosque
993 1150 1147 1214 eiusmodi
1159 1150 1188 1213 ei

169 1293 347 1377 appositos,
383 1291 439 1376 qui
474 1289 617 1376 Caesari,
648 1291 734 1355 inter
768 1294 843 1354 deos
874 1291 1021 1373 accepte,
1056 1289 1188 1352 attribui

170 1432 262 1519 nullo
290 1433 385 1495 modo
409 1429 582 1513 potuerint.
631 1427 711 1493 Cum
735 1430 841 1491 autem
866 1427 1048 1490 existiment
1072 1422 1186 1488 Caesa-

169 1590 236 1632 rem
268 1566 386 1631 Divum
418 1589 484 1632 esse
515 1566 635 1631 factum
665 1569 738 1650 post
761 1588 789 1629 a.
814 1567 844 1628 d.
871 1587 900 1630 v.
926 1565 999 1628 Kal.
1025 1565 1099 1629 Dec.
1126 1566 1187 1638 43,

170 1712 245 1772 ante
268 1730 343 1771 vero
367 1707 460 1771 huius
484 1707 562 1770 anni
586 1706 701 1780 finem,
725 1705 795 1788 ipso
820 1704 880 1767 hoo
904 1723 990 1765 anno
1015 1722 1067 1765 eos
1092 1723 1187 1764 num·

171 1866 239 1908 mos
271 1866 362 1908 cusos
384 1866 451 1910 esse
465 1843 507 1908 ‘et
531 1844 676 1908 Clodium
708 1849 834 1926 tresque
865 1844 1003 1927 reliquos
1033 1842 1189 1906 Hllviros

172 1985 268 2050 fuisse
291 1989 431 2050 censent.
467 1984 574 2069 Atque
597 1987 678 2048 teste
702 1982 805 2048 Dione
819 1981 845 2069 ¹)
869 1982 984 2048 Caesar
1003 1983 1038 2045 in
1059 1986 1189 2046 deorum

173 2149 339 2191 numerum
363 2128 481 2191 relatus
505 2130 553 2191 est
576 2131 649 2210 post
672 2148 793 2189 annum
819 2127 862 2188 43
885 2126 1050 2208 peractum
1071 2126 1103 2187 et
1123 2124 1190 2206 pri-

173 2289 226 2331 ore
261 2268 339 2332 anni
371 2267 532 2350 sequentis
563 2239 671 2350 parte,
704 2269 875 2348 antequam
907 2263 1020 2328 Illviri
1043 2285 1069 2325 r.
1097 2285 1128 2346 p.
1163 2284 1189 2326 c.
1275 2278 1277 2281 ·

173 2406 274 2470 Bruto
310 2405 479 2490 Cassioque
513 2406 631 2470 bellum
667 2405 857 2467 intulerunt.
906 2402 967 2466 Dio
991 2403 1075 2466 enim
1100 2407 1189 2486 post-

173 2566 269 2629 quam
300 2567 349 2609 res
372 2546 450 2608 anni
474 2547 516 2609 42
540 2546 604 2608 iam
628 2567 696 2629 cap.
725 2544 765 2608 16
790 2567 937 2609 enarrare
962 2544 1083 2626 coepit,
1109 2546 1188 2609 duo-

172 2685 232 2748 bus
267 2685 424 2767 capitibus
458 2689 532 2767 post
563 2685 687 2748 divinos
717 2684 853 2748 honores
887 2683 1015 2750 Caesari
1046 2688 1187 2749 decretos

123 2891 127 2896 ,
174 2824 344 2887 memoriae
376 2824 499 2906 prodit,
537 2828 569 2886 et
605 2823 756 2906 quoniam
790 2824 880 2887 nulla
910 2846 1004 2888 causa
1036 2828 1100 2901 est,
1136 2846 1192 2889 cur

177 2963 291 3027 Diouis
314 2965 534 3028 auctoritatem
560 2965 777 3048 negligamus,
803 2963 968 3029 Caesarem
989 2963 1106 3029 Divum
1126 2987 1192 3030 esse

176 3105 297 3168 iactum
329 3107 433 3188 priore
465 3106 541 3168 anni
571 3105 613 3169 42
638 3109 729 3188 parte
753 3126 870 3187 negare
893 3106 1075 3188 nonlicet,
1100 3127 1191 3188 prae-

177 3245 286 3309 sertim
322 3267 395 3309 cum
429 3246 522 3328 plura
555 3248 745 3328 argumenta
779 3246 884 3309 afferri
918 3248 1042 3330 possint
1061 3250 1096 3332 ²).
1145 3248 1194 3312 Ex

177 3385 384 3468 inscriptione
419 3385 545 3468 quidem
577 3385 661 3468 apud
694 3382 846 3447 Orellium
862 3387 886 3470 ³)
918 3391 1059 3450 serrata:
1096 3403 1191 3450 ruvo·

180 3523 273 3570 IVLIO
291 3523 426 3590 plvssv·
447 3523 586 3570 POPVLI·
605 3522 739 3570 ROMANI
757 3538 762 3547 ·
778 3523 952 3574 STATVTVM
969 3543 973 3551 ·
991 3525 1048 3574 EST
1066 3541 1070 3550 ·
1089 3525 1194 3573 Laou-

180 3656 333 3704 eranua
346 3671 368 3715 ν,
394 3638 501 3723 colligi
524 3639 649 3704 ridetur
673 3642 942 3706 consecrationem
963 3641 1106 3707 Caesaris
1126 3642 1196 3725 lege

79 3862 82 3868 Ι
180 3777 324 3840 Rufreua
349 3779 505 3842 decretam
530 3801 606 3845 esse.
653 3779 745 3854 Quod
769 3781 828 3843 etsi
853 3781 942 3844 nullo
966 3782 1060 3844 modo
1078 3781 1195 3864 proba·
1229 3837 1231 3841 Α

180 3935 348 3948 -n-av

215 4049 244 4116 l)
264 4052 308 4116 Dio
327 4053 390 4101 Cass.
408 4051 449 4108 47,
467 4053 506 4108 18,
526 4055 547 4099 3.

216 4134 243 4199 2)
263 4136 398 4184 Mommsen
416 4135 444 4182 R.
464 4126 564 4183 Staatsr.
583 4136 624 4183 11²
645 4134 701 4187 733.
721 4135 744 4183 2.
848 4138 875 4201 3)
895 4138 979 4187 Orelli.
999 4139 1025 4186 C.
1045 4139 1119 4188 Inscr.
1140 4141 1196 4189 585.
