3106 5086
720 509 760 571 29

229 747 265 807 ut
295 744 432 808 consulis
463 744 558 807 titulo
589 744 641 808 hic
669 743 890 828 proconsulem
920 742 1094 827 significari
1118 763 1243 805 censea-

229 906 315 959 mus,
348 885 433 966 quod
461 885 647 947 inscientiae
678 884 729 948 vel
757 883 973 966 negligentiae
998 880 1165 964 scalptoris
1189 879 1245 942 tri·

122 1089 124 1093 ,
229 1022 285 1085 bui
315 1023 463 1106 potuerit.
511 1022 607 1106 Apud
636 1023 804 1106 scriptores
827 1022 911 1084 idem
936 1020 1076 1084 accidere
1100 1020 1244 1084 videmus

229 1167 262 1226 et
278 1163 351 1226 licet
370 1163 548 1227 Mommsen
565 1159 588 1248 ¹)
613 1185 707 1245 quem
732 1161 903 1226 fortissime
927 1165 1024 1244 neget
1047 1160 1192 1223 consules
1214 1163 1246 1222 et

229 1303 433 1386 proconsules
451 1303 486 1365 in
504 1303 642 1366 nummis
666 1306 698 1365 et
720 1301 982 1385 inscriptionibus
1007 1322 1157 1383 umquem
1171 1321 1243 1382 per·

229 1441 368 1518 misceri,
381 1464 440 1505 nos
452 1442 544 1506 factis
554 1442 700 1505 cedentes
709 1441 816 1524 potius
826 1440 1018 1503 affirmemus
1027 1439 1085 1502 hos
1096 1459 1244 1502 nummos

229 1581 407 1664 exemplum
420 1582 487 1645 eius
498 1580 710 1657 confusionis,
725 1602 821 1665 quem
834 1580 1011 1643 Mommsen
1025 1577 1092 1642 fieri
1104 1579 1244 1662 potuisse

231 1725 342 1804 neget,
375 1720 468 1784 nobis
495 1722 654 1804 praebere.
702 1719 786 1785 Nam
812 1722 844 1782 et
863 1719 1026 1783 Antonius
1050 1723 1083 1783 et
1107 1719 1244 1803 Lepidus

229 1862 337 1924 eodem
370 1883 456 1924 enno
480 1861 684 1943 proconsules
707 1858 855 1935 fuerunt,
881 1861 994 1922 neuter
1017 1859 1078 1922 hoc
1102 1863 1244 1942 tempore

228 2001 339 2064 consul
363 2000 426 2063 fuit
450 2021 552 2083 neque
575 2021 726 2082 umquem
752 1998 952 2062 consulatum
979 2021 1043 2061 une
1067 2003 1243 2082 gesserunt.

273 2121 473 2214 Provinciam
508 2139 644 2221 denique
677 2138 731 2201 ubi
764 2138 886 2199 nummi
918 2138 1095 2219 dequibus
1119 2139 1243 2221 agimus

228 2279 294 2344 cusi
317 2280 398 2354 sint,
423 2260 559 2342 Gelliam
583 2276 678 2340 tuisse
702 2279 736 2339 et
758 2299 797 2339 ex
820 2277 858 2338 iis
881 2299 961 2359 quae
985 2298 1081 2358 supro
1108 2277 1243 2341 diximus

226 2422 359 2502 apparet
390 2422 422 2481 et
452 2416 589 2481 stabiliri
623 2417 745 2480 videtur
777 2416 985 2480 similitudine
1009 2417 1123 2481 horum
1149 2419 1242 2481 dena-

226 2561 346 2623 riorum
371 2562 404 2622 et
427 2559 645 2642 quinariorum
672 2579 742 2620 cum
767 2558 830 2621 illis
851 2559 907 2642 qui
925 2559 1055 2622 biennio
1068 2561 1241 2643 postLug-

227 2697 304 2759 duni
328 2681 448 2780 signati
471 2701 547 2759 sunt
564 2701 608 2780 ²).

713 2964 756 3027 Π.

263 3159 290 3219 l.
323 3156 428 3239 Caput
463 3155 507 3218 M.
531 3155 669 3218 Antonii
693 3155 812 3218 nudum
836 3155 977 3219 imberbe
1001 3159 1102 3219 dextr.
1129 3173 1240 3220 rvi-AN·

326 3293 757 3343 conclusurum-nro·

259 3423 301 3496 ῃ
324 3412 410 3475 Mers
435 3412 545 3475 dextre
568 3410 710 3486 hastam,
734 3409 863 3472 sinistre
887 3411 1092 3492 perezonium
1116 3416 1238 3489 tenens,

322 3556 401 3636 pede
426 3552 525 3634 clipeo
556 3549 714 3633 imposito.
747 3563 1237 3613 nnvssrnrvsurconevs·

324 3703 621 3751 nir-vinnrr·
648 3688 797 3771 (aureus).

258 3829 287 3890 2.
321 3826 427 3909 Caput
463 3825 599 3889 Antonii
634 3827 710 3889 nud.
745 3826 822 3889 imb.
859 3826 890 3890 d.
926 3832 1237 3891 nnnronrvsin·

326 3966 537 4013 vinesc-

258 4143 288 4211 1)
304 4146 373 4194 Rom:
393 4145 539 4194 Steutsrecht
557 4146 598 4192 11²
619 4162 642 4208 p.
662 4145 726 4204 230,
745 4149 767 4194 5.
861 4149 889 4211 2)
907 4148 936 4195 cf.
955 4148 1046 4196 dissert.
1065 4164 1118 4210 pug.
1136 4151 1170 4195 40
1187 4165 1238 4211 sqq.
