3106 5086
843 495 884 558 50

403 739 432 799 2.
467 735 513 799 Dc
547 737 728 800 Macedonia
752 752 779 802 cl
806 737 924 801 delacio
949 761 1014 800 non
1039 737 1255 830 nnrltaplma
1277 741 1374 806 nobis

354 879 575 941 innotuerunt.
624 877 700 941 Post
737 878 854 941 belluni
889 877 1094 961 Philippense
1126 877 1288 941 Antonius
1321 900 1373 942 res

351 1017 491 1081 Orientis
511 1017 659 1080 ordinare
679 1017 785 1101 coepit
805 1017 839 1080 L.
861 1017 980 1080 Marcio
999 1014 1172 1082 Censorino
1186 1018 1372 1100 provinciae

351 1158 558 1222 Macedoniae
588 1163 622 1221 et
652 1157 794 1222 Achaiae
826 1159 1003 1241 praefecto,
1035 1157 1089 1241 qui
1117 1179 1188 1221 eum
1213 1179 1297 1222 anno
1327 1161 1371 1223 39

351 1300 461 1366 consul
492 1299 606 1374 fuerit,
639 1302 679 1362 ad
712 1299 744 1362 id
778 1303 903 1383 tempus
933 1298 1026 1362 huius
1053 1299 1236 1383 provinciae
1260 1320 1370 1384 propr.

348 1423 504 1505 'manasse
529 1439 662 1503 viatur.
711 1437 758 1502 oa
781 1439 893 1502 aaa
919 1438 1000 1502 nini
1024 1439 1192 1524 scriptores
1215 1440 1369 1518 meunt,

350 1583 411 1647 nisi
434 1584 521 1669 quod
545 1581 714 1666 Appianas
728 1577 754 1666 ¹)
777 1581 816 1644 de
838 1581 976 1666 quodam
999 1578 1160 1666 praefecto
1172 1580 1371 1646 mentionem

348 1721 435 1788 facit.

396 1868 425 1930 3.
455 1865 532 1929 Post
571 1866 776 1930 liberatorum
813 1868 854 1929 ad
889 1864 1055 1949 Philippos
1088 1864 1254 1929 interitum
1290 1886 1370 1948 pro-

305 1993 306 1998 *
349 2008 486 2072 vinciam
516 2006 628 2070 Asiam
659 2007 822 2090 ingressus
854 2006 1018 2071 Antonius
1047 2006 1122 2070 inde
1154 2027 1203 2070 res
1227 2004 1369 2070 Orientis

349 2147 541 2212 constituere
572 2148 677 2231 eoepit
708 2150 742 2210 et
771 2146 945 2232 peronius
969 2147 1047 2211 anni
1070 2146 1209 2230 spatium
1233 2147 1285 2231 (ex
1307 2145 1367 2211 fin.

350 2290 392 2353 42
417 2310 516 2372 usque
539 2290 580 2352 ad
602 2287 657 2351 fin.
682 2289 739 2372 41)
763 2287 810 2352 ibi
834 2289 867 2350 et
888 2287 922 2350 in
943 2286 1013 2350 aliie
1033 2286 1204 2371 provinciis
1224 2307 1367 2350 remora·

245 2457 248 2462 ·
347 2429 409 2502 tus,
430 2425 659 2489 Alexandriam
683 2427 722 2488 ad
748 2425 950 2511 Cleopatram
974 2451 1007 2493 se
1031 2409 1169 2493 contulit
1192 2429 1368 2512 provinciis

347 2588 414 2631 non
443 2568 513 2631 sine
541 2567 706 2650 praesidiis
737 2571 770 2631 et
796 2567 1014 2634 defensoribus
1037 2570 1172 2647 relictis,
1197 2570 1282 2654 quod
1304 2569 1366 2634 illo

346 2707 568 2771 Parthicarum
587 2709 789 2773 invasionum
809 2713 951 2792 tempore
969 2711 1270 2794 periculosissimum
1283 2717 1365 2777 erat.

345 2848 444 2922 Quem
468 2854 575 2912 autem
595 2849 669 2912 huic
688 2851 870 2932 provinciae
889 2854 1107 2936 praeposuerit
1123 2875 1161 2917 ex
1179 2855 1364 2918 auctoribus

344 2989 479 3065 nostris,
505 2989 620 3072 quibus
644 2989 795 3064 omnin0‚
819 2990 858 3053 de
878 2989 928 3053 his
948 2989 1042 3054 rebus
1061 2991 1245 3074 agentibus,
1259 2993 1364 3057 multa

343 3132 475 3205 desunt,
509 3150 576 3192 non
606 3133 748 3212 apparet.
782 3128 901 3193 Planco
928 3129 1032 3204 enim,
1058 3151 1151 3212 quem
1176 3128 1237 3193 Dio
1261 3131 1364 3194 tradit

343 3264 436 3328 huius
458 3267 641 3349 provinciae
665 3268 841 3350 praesidem
865 3269 1011 3332 relictum
1032 3291 1116 3346 esse,
1137 3271 1198 3334 hoc
1217 3273 1363 3368 tempore

342 3404 466 3467 nullum
497 3403 603 3468 locum
636 3425 702 3468 esse
733 3403 906 3470 Biircklein
919 3409 945 3493 ²)
974 3411 1008 3471 et
1030 3407 1163 3473 Schiller
1177 3411 1202 3494 ³)
1226 3410 1361 3474 demon-

339 3547 533 3608 straverunt.
580 3543 694 3626 Itaque
727 3543 846 3608 frustra
876 3545 1066 3610 desudamus
1091 3547 1126 3609 in
1151 3546 1362 3630 scriptoribus

337 3685 588 3769 perscrutandis,
609 3687 647 3747 ut
666 3684 748 3748 hane
768 3683 917 3749 lacunam
940 3687 1137 3769 expleamus:
1158 3687 1359 3770 exploratum
1419 3696 1430 3709 '

372 3965 384 4011 1
416 3965 477 4028 App.
497 3965 526 4011 B.
545 3966 571 4012 C.
592 3965 620 4012 V.
641 3965 697 4014 138.
1318 4014 1321 4020 ,

371 4048 385 4094 2
421 4046 562 4102 Biircklein,
580 4045 740 4108 Chronologie
757 4047 799 4093 der
818 4047 887 4093 Br'im.
905 4047 988 4094 Parth.
1009 4048 1123 4112 Peldziige
1141 4066 1193 4114 pag.
1213 4051 1255 4100 ts.
1271 4065 1320 4113 sqq.

368 4130 396 4193 8)
417 4128 525 4176 Schiller.
544 4128 627 4176 Gesch.
646 4129 688 4176 der
706 4129 774 4177 Rom.
795 4129 926 4176 Kaiserzeit
942 4145 967 4194 p.
986 4129 1025 4183 87.
