3106 5086
677 548 718 611 33

186 784 298 861 habes,
324 783 398 846 huic
422 804 548 867 quoque
572 784 701 846 denario
724 782 934 847 bibulussDivi
960 783 1033 846 Iulii
1057 785 1106 846 vel
1127 783 1200 848 Divi

187 877 328 987 Caesaris
357 921 529 1003 inscriptus
561 941 628 983 esse
652 920 804 996 debebat,
828 919 903 1003 quia
927 921 1098 984 secundum
1123 943 1152 983 v.
1167 920 1199 985 S.

102 1077 103 1080 ’
186 1059 259 1140 post
280 1057 360 1119 illud
385 1059 511 1139 tempus
534 1055 635 1119 lucem
660 1055 754 1131 vidit,
779 1076 843 1138 quo
864 1053 980 1120 ansar
999 1059 1200 1120 consecratus

187 1197 242 1258 esi.
280 1193 360 1259 (lum
378 1215 451 1258 vero
463 1193 609 1258 Dictator
621 1180 775 1278 perpetuo
787 1193 890 1257 adhuc
902 1194 1104 1273 nominetur,
1116 1215 1201 1258 anno

188 1331 230 1394 42
254 1330 398 1393 nondum
422 1330 507 1392 inter
524 1332 598 1392 deos
621 1330 739 1393 relalus
762 1329 833 1393 fuir.
870 1330 957 1413 Ergo
980 1332 1020 1395 ad
1045 1329 1148 1396 Clodii
1172 1335 1205 1396 et

187 1471 382 1553 reliquorum
400 1468 611 1531 Illlvirorum
624 1489 771 1530 nummos
784 1489 869 1530 anno
882 1469 926 1531 43
939 1469 1155 1551 adsignandos
1167 1490 1204 1532 eo

188 1629 254 1671 non
276 1605 479 1681 adducimur,
502 1605 586 1688 quod
606 1604 729 1668 denarii
741 1603 781 1666 ab
795 1603 834 1666 iis
846 1604 912 1668 cusi
923 1607 1050 1668 exstant
1063 1603 1204 1670 Caesaris

189 1745 292 1826 capite
315 1742 459 1806 nondum
483 1742 518 1804 in
542 1745 672 1805 deorum
696 1763 862 1805 numerum
887 1743 1005 1825 recepti
1028 1742 1181 1827 insignes.

233 1879 355 1944 Deinde
387 1877 509 1942 nummi
540 1877 580 1939 ab
611 1877 661 1940 his
691 1876 837 1941 IlIIviris
872 1879 938 1942 cusi
968 1885 1139 1943 occurrunt
1168 1881 1203 1944 in

188 2015 362 2091 thesauris,
395 2035 474 2099 quos
505 2014 645 2078 defossos
678 2035 744 2078 esse
779 2019 920 2097 arguunb
954 2019 1096 2099 tempore
1129 2016 1206 2079 belli

189 2150 390 2216 Mutinensis.
437 2149 498 2214 Sed
533 2149 683 2234 pleraque
718 2171 756 2212 ex
792 2149 947 2213 thesauris
980 2153 1076 2214 ducta
1107 2173 1203 2236 argu·

190 2292 299 2354 menta
317 2286 396 2350 niihi
414 2287 542 2370 quidem
552 2308 619 2350 non
632 2287 769 2349 mullum
782 2285 886 2350 valere
898 2308 1019 2368 semper
1031 2287 1099 2350 visa
1110 2292 1203 2352 sunt:

189 2424 307 2488 etenim
330 2422 489 2506 quomodo
512 2422 546 2484 in
571 2421 619 2484 his
643 2421 696 2504 agi
719 2421 822 2484 solel?
868 2419 920 2484 Ad
943 2403 1068 2507 bempus
1090 2423 1206 2488 defossi

191 2559 321 2622 alicuius
352 2558 493 2622 thesauri
523 2557 758 2633 definiendum,
791 2557 879 2621 cuius
911 2557 1050 2642 plerique
1084 2561 1206 2623 nummi

190 2695 373 2758 indubitato
392 2698 542 2778 certoque
561 2693 696 2778 tempori
717 2693 786 2756 dari
806 2696 955 2775 possunt,
975 2694 1112 2776 reliquos
1132 2716 1206 2759 vero

190 2831 328 2893 inoerbos
360 2851 399 2892 ex
424 2829 488 2892 illis
522 2849 713 2912 cognoscere
737 2829 918 2904 studemus,
944 2829 1030 2911 prius
1054 2830 1207 2892 constitui

191 2966 270 3028 soleb
303 2964 485 3028 bhesaurum
519 2983 555 3026 eo
588 2984 674 3026 anno
705 2963 803 3026 humo
835 2965 1021 3027 mandalum
1052 2986 1134 3040 esse,
1167 2965 1207 3027 ad

192 3124 285 3185 quem
317 3100 440 3163 nummi
472 3099 585 3163 ultimo
610 3100 677 3162 cusi
701 3099 882 3184 pertinent3
907 3100 1019 3163 deinde
1043 3121 1207 3177 nummos,

177 3259 325 3320 ,quorum
352 3237 470 3299 aebaies
494 3235 625 3318 ignoiae
649 3237 743 3310 sunl,
768 3235 816 3297 illi
840 3235 975 3318 bempori
1000 3235 1122 3299 dandos
1142 3258 1209 3300 esse

193 3375 340 3447 oensenb,
365 3371 450 3453 quod
469 3369 556 3433 hunc
576 3391 717 3450 annum,
738 3369 784 3431 ita
801 3369 1026 3446 conshibubum,
1040 3371 1209 3435 aniecedit.

195 3507 288 3570 Hanc
317 3505 489 3572 definiendi
519 3505 674 3568 rationem
706 3505 810 3569 minus
839 3527 945 3569 veram
969 3527 1052 3582 esse,
1077 3509 1209 3570 demon-

196 3647 296 3706 strare
326 3643 380 3706 vix
411 3663 491 3725 opus
521 3644 584 3704 esb:
611 3661 748 3723 namque
774 3640 821 3703 illi
846 3640 959 3704 incerti
983 3641 1105 3704 nummi
1129 3661 1211 3724 quo·

196 3945 258 4009 Jul.)
283 3944 334 4008 ipso
345 3959 413 4020 anno
431 3947 486 4007 post
502 3942 583 3990 stellae
601 3942 702 3991 crinitae
719 3944 868 3992 miraculum.
904 3922 1013 3992 Modesto
1029 3960 1114 3993 moneo
1131 3947 1160 3993 ad
1178 3946 1214 3994 lu-

196 4027 237 4074 dos
255 4026 406 4090 Apollinares
424 4025 531 4072 alludere
549 4025 673 4073 denarium
692 4041 705 4072 a
723 4026 832 4073 Liuineio
848 4041 942 4083 cusum,
953 4025 1102 4074 exhibentem
1111 4027 1218 4076 Caesaris

197 4108 296 4171 effigiem
320 4107 385 4155 inter
408 4122 500 4155 ramum
521 4106 629 4154 laureum
647 4109 671 4153 et
688 4107 822 4155 caduceum.
847 4119 869 4170 η,
890 4112 973 4154 taurus
989 4111 1127 4170 cornupeta.
1147 4107 1226 4168 (Coh.·-

198 4189 265 4238 ned.
284 4190 360 4252 Imp.²
380 4189 393 4238 l
411 4189 498 4236 Caesar
515 4186 566 4253 27).

1097 4271 1113 4318 ³
