3106 5086
665 477 705 540 57

175 718 224 778 cst
255 715 438 778 auctoritati
462 714 621 810 Appiani,
647 716 889 800 comprobatum
913 720 961 781 est
983 719 1055 782 illos
1080 740 1191 782 aureos

174 857 205 917 et
237 856 384 918 denarios
420 878 439 919 a
474 855 518 919 M.
551 827 703 920 Barbatio
734 858 837 941 priore
869 859 947 921 anni
978 859 1018 922 41
1043 861 1134 942 parte
1156 860 1192 922 in

174 994 304 1058 Oriente
324 1017 414 1060 cusos
434 1018 510 1060 esse.
559 995 648 1061 Haec
668 996 878 1060 ‹le-Barbatio
896 999 999 1062 dicere
1019 998 1191 1074 habemus}

174 1139 346 1220 antequam
382 1159 456 1200 vero
495 1141 533 1201 de
565 1136 672 1201 Nerva
705 1136 870 1220 Gellioque
903 1158 1052 1221 agema,
1089 1160 1191 1221 pauca

174 1298 359 1341 moneamus
391 1257 433 1340 ¹dc
468 1277 572 1340 titulis
607 1281 728 1359 quaest.
764 1298 866 1361 prop,
900 1298 990 1360 proq.
1022 1299 1112 1361 prop.
1147 1315 1187 1325 -

174 1416 368 1499 Borghesius
396 1417 437 1501 ¹),
462 1417 518 1500 qui
541 1419 615 1499 post
637 1415 760 1480 Eclrhel
776 1417 806 1508 ¹¹)
832 1419 935 1493 recte,
955 1420 991 1481 ut
1012 1417 1090 1480 mihi
1102 1417 1189 1510 vide-

171 1558 243 1630 tur,
267 1555 390 1619 litteras
414 1577 444 1638 q.
470 1578 501 1638 p.
529 1558 561 1618 et
584 1576 673 1638 proq.
699 1577 730 1637 p.
751 1555 981 1639 interpretatus
1004 1560 1067 1619 est:
1093 1578 1190 1640 quac-

173 1695 241 1758 stor
264 1697 486 1779 propraetore,
510 1699 736 1779 proquaestore
760 1699 982 1781 propraetore,
1007 1698 1117 1780 etqui
1141 1696 1191 1759 his

172 1835 276 1898 titulis
301 1857 373 1899 eum
397 1837 573 1920 significari
596 1838 690 1914 dicit,
715 1839 770 1921 qui
790 1839 932 1904 absentis
957 1863 1055 1923 proc,
1069 1861 1190 1925 propr,

171 1975 222 2037 vel
246 1976 383 2046 ¹omnino
406 1977 588 2059 provinciae
611 1977 744 2040 alicuius
767 1978 919 2060 praesidis
942 1978 1010 2042 vice
1033 1979 1189 2062 iungatur

173 2116 434 2198 provinciamque
464 2117 498 2180 in
531 2139 595 2200 qua
628 2119 722 2180 antea
751 2121 899 2200 quaestor
916 2117 1033 2209 ¹fuisset
1055 2118 1188 2200 imperio

172 2256 391 2339 proconsulari
428 2257 591 2332 obtineat,
627 2257 734 2320 minus
765 2259 850 2320 recte
880 2259 919 2320 de
943 2257 985 2320 M.
1011 2256 1120 2321 Nerva
1143 2258 1189 2321 ita

171 2396 322 2460 disserere
347 2398 372 2481 ²)
397 2396 475 2460 mihi
499 2397 640 2460 videtur:
667 2397 796 2462 »Nerva
817 2402 925 2462 noster
943 2397 1005 2461 fuit
1025 2419 1101 2482 ergo
1114 2419 1188 2482 pro-

171 2540 321 2619 quacstor
363 2536 512 2600 factionis
547 2511 754 2600 Antonianae
788 2538 823 2599 in
858 2537 953 2601 Italia
989 2559 1075 2601 anno
1110 2538 1187 2602 41⁵⁹.

171 2674 318 2760 Namque
342 2680 379 2738 ut
402 2659 548 2740 omittam
569 2646 672 2740 dicere
694 2680 732 2739 de
753 2676 848 2739 titulo
870 2676 1023 2740 »alicuius
1037 2676 1186 2740 factionis

170 2813 431 2897 proquaestorc’‘,
455 2814 630 2898 quiquam
654 2814 775 2878 alienus
799 2815 883 2878 sita
906 2814 1023 2898 publici
1047 2815 1185 2879 Romani

170 2949 248 3013 iuris
283 2951 409 3015 ratione
439 2953 612 3036 unicuique
642 2954 677 3016 in
709 2958 860 3038 prom'ptu
892 2959 957 3031 est,
989 2978 1025 3020 co
1057 2978 1188 3020 munere

170 3111 272 3173 neque
297 3091 440 3155 Nervam¹
461 3114 562 3174 neque
583 3092 720 3156 Gellium
741 3115 844 3176 neque
859 3093 1046 3156 Barbetium
1058 3093 1187 3156 functos
1275 3189 1278 3194 Δ

170 3250 237 3292 esse
267 3230 343 3293 inde
373 3231 545 3313 probatur,
570 3234 655 3313 quod
678 3232 764 3294 intra
787 3231 900 3296 Italiae
927 3232 1003 3296 fines
1028 3233 1188 3316 quaestori

170 3391 259 3453 prop.
287 3370 336 3434 vel
360 3371 579 3453 proquaestori
603 3392 693 3454 prop.
719 3371 806 3435 locus
829 3393 896 3435 non
919 3375 984 3449 est,
1002 3373 1120 3456 quippe
1133 3374 1187 3456 qui
1275 3391 1277 3395 '

171 3507 381 3589 provinciales
417 3509 627 3592 magistratus¹
657 3511 739 3596 sint3
775 3534 816 3575 ne
852 3511 975 3602 Galliae
1006 3510 1186 3594 Cisalpinae
1263 3565 1264 3569 ,

206 3870 233 3934 1)
252 3869 342 3934 saga.
371 3870 449 3935 opere
477 3870 488 3919 1
515 3886 537 3935 p.
561 3871 610 3920 aar
633 3873 657 3919 a
677 3869 704 3918 11
722 3888 745 3935 p.
763 3853 825 3929 roa,
845 3871 935 3922 aaut]
954 3875 981 3920 n.
1001 3874 1031 3920 n.
1054 3873 1080 3922 V.
1102 3873 1146 3922 rv.
1164 3889 1190 3937 p.

171 3951 228 4001 248.
265 3955 383 4018 Quaestor
400 3952 565 4018 provincialis,
583 3956 752 4018 proquaestore
770 3953 936 4018 provincialis,
954 3971 1012 4018 quos
1030 3955 1113 4004 titulos
1125 3955 1189 4029 Vnil·

172 4033 224 4082 lant
241 4038 266 4083 et
283 4036 363 4084 Cohen
381 4035 480 4091 habeut.
499 4035 560 4083 nulli
579 4051 691 4097 nmquam
711 4035 813 4092 fuerunt.

158 4141 176 4166 e
206 4117 232 4180 2)
252 4116 297 4181 Op.
317 4118 329 4164 1
347 4134 368 4181 p.
388 4118 444 4165 436.
