3106 5086
840 527 882 587 42

358 760 528 846 diligenter
555 766 797 846 comparantur,
822 762 855 824 in
879 763 986 826 oculos
1010 764 1145 826 incurrit
1167 786 1262 846 quam
1286 764 1375 827 iuter

358 921 423 963 sese
454 899 618 962 dissimilia
646 899 712 961 sint
741 897 935 961 lineamenta
967 898 1078 961 horum
1108 899 1247 982 capitum
1273 899 1374 962 etiam

357 1037 389 1099 in
427 1037 565 1099 nummis
600 1037 708 1099 eodem
744 1039 886 1119 tempore
920 1036 1012 1098 cusis.
1066 1033 1218 1098 Normam
1253 1035 1374 1118 igitur,

358 1194 420 1254 qua
444 1194 480 1233 ea
504 1171 755 1253 distinguamus,
779 1170 953 1253 quaesituri
976 1171 1051 1234 bine
1066 1172 1185 1233 nullum
1200 1191 1374 1253 argumen-

358 1311 426 1371 tum
466 1311 634 1378 ducamus:
669 1327 706 1370 ex
741 1305 925 1389 capillorum
953 1306 1057 1389 positu
1091 1307 1240 1390 cultuque
1264 1307 1375 1389 potius

359 1445 575 1526 quaestionem
598 1445 766 1506 ordiatum.
801 1443 961 1525 Biparlito
981 1443 1168 1506 dividendae
1187 1465 1295 1509 omnes
1312 1442 1376 1529 bae

359 1579 525 1642 mulierum
560 1579 715 1661 imagines
739 1579 902 1641 videntur:
929 1579 942 1640 l
968 1584 1045 1641 sunt
1068 1601 1201 1662 quarum
1223 1579 1330 1661 capilli
1356 1602 1376 1642 a

357 1715 463 1778 fronte
487 1716 519 1776 in
546 1715 623 1776 duas
646 1717 753 1797 partes
777 1714 868 1776 (livisi
894 1716 1019 1777 atinde
1038 1716 1186 1778 retroacti
1208 1715 1375 1796 partimin

360 1850 476 1911 nodum
503 1850 604 1911 iuncti
628 1854 716 1922 sunt
743 1849 857 1932 partim
883 1851 978 1912 soluti
1003 1851 1199 1933 dependent;
1234 1849 1268 1912 ll
1291 1849 1375 1912 aliae

359 2005 395 2046 eo
427 1987 522 2047 modo
547 1983 678 2066 capillos
702 1989 921 2068 compserunt,
948 1989 985 2048 ut
1009 2008 1090 2049 unus
1114 1987 1231 2068 spissus
1255 1987 1377 2068 gradus

359 2142 377 2182 a
407 2121 523 2183 vertice
556 2121 590 2183 in
621 2120 759 2184 frontem
791 2122 918 2184 atinde
941 2122 975 2184 in
999 2122 1147 2184 verticem
1172 2123 1378 2201 retroagatur

357 2257 464 2339 ibique
487 2257 521 2319 iu
546 2258 663 2319 nodum
689 2257 945 2340 constringatur3
971 2257 1112 2321 crinibus
1136 2260 1241 2320 autem
1259 2258 1376 2320 solutis

358 2392 436 2454 haec
467 2413 640 2474 numquam
666 2393 775 2455 utitur.
825 2392 910 2466 Quae
934 2393 1002 2455 alae
1027 2393 1137 2456 affixae
1161 2396 1237 2456 sunt
1259 2393 1375 2455 hume·

359 2529 402 2590 ris
426 2529 492 2591 eius
516 2529 645 2610 capitis,
670 2529 758 2591 cuius
776 2529 906 2612 capillos
924 2530 1036 2592 ultimo
1049 2531 1119 2593 loco
1132 2529 1375 2612 descripsimus,

358 2664 434 2727 deae
458 2664 617 2728 Victoriae
640 2665 774 2747 speciem
797 2667 826 2728 ei
849 2667 996 2729 induunt.

403 2799 451 2863 Eo
481 2801 575 2863 modo
605 2801 711 2884 capita
733 2801 899 2863 muliebria
924 2802 958 2862 in
982 2799 1119 2863 Antonii
1144 2800 1282 2863 nummis
1307 2800 1375 2863 dis·
1449 2875 1450 2878 Ἴ
1507 2861 1509 2864 ,

357 2937 535 3017 tinguenda
571 2936 733 3011 videntur,
769 2942 925 3019 quantum
961 2935 1121 3017 colligitur
1155 2958 1192 2998 ex
1232 2936 1376 2999 nummis

356 3077 436 3142 raris
459 3079 491 3138 et
515 3074 685 3138 maximam
710 3078 832 3155 partem
856 3074 990 3155 pessime
1010 3074 1213 3136 conservatis.

403 3211 564 3276 ¹Victoriae
592 3212 716 3292 imag0‚
741 3232 821 3293 quae
845 3211 948 3273 estin
972 3210 1126 3293 quinariis
1150 3209 1377 3292 Lugdunensi-

361 3351 419 3416 bus
451 3369 547 3430 supra
579 3345 761 3428 descriptis,
794 3345 940 3408 Fulviam
973 3345 1064 3408 nobis
1088 3350 1162 3407 ante
1186 3344 1294 3408 oculos
1318 3365 1376 3425 po-

360 3505 434 3554 nere
468 3483 584 3547 dicitur
616 3487 747 3565 propter
777 3482 1018 3544 similitudinem
1049 3482 1144 3544 huius
1174 3481 1276 3564 capite
1300 3502 1377 3544 cum

359 3620 434 3694 illo,
457 3621 542 3702 quod
555 3618 703 3680 Fulviani
715 3622 737 3701 ¹)
752 3619 888 3680 nummis
900 3619 964 3681 suis
976 3618 1189 3681 incudendum
1203 3621 1379 3692 curarunt;

361 3759 438 3820 sunt
450 3756 505 3839 qui
518 3756 717 3817 contendant
728 3757 837 3817 eadem
850 3756 888 3816 de
901 3775 994 3817 causa
1007 3751 1136 3818 Fuluiae
1148 3773 1273 3835 quoque
1284 3753 1379 3814 attri-

360 3974 522 3984 *-

397 4117 424 4186 1)
445 4119 563 4165 Numism.
582 4117 707 4164 Chronicle
727 4117 798 4168 1873.
816 4135 841 4181 p.
860 4118 920 4174 320;
942 4118 1020 4166 ltevue
1038 4118 1148 4167 numism.
1168 4119 1230 4166 1853
1250 4133 1272 4180 p.
1291 4118 1347 4165 248.
