3106 5086
856 485 896 551 34

366 726 458 787 morlo
485 745 548 785 non
572 725 639 786 cusi
664 745 729 786 esse
756 727 889 807 possunt
914 727 984 806 post
1008 724 1098 786 illum
1123 749 1262 802 annum,
1287 750 1385 811 quem

363 859 555 942 reliquorum
592 859 782 922 auctoritate
819 879 1022 920 nummorum
1058 861 1227 923 terminum
1266 862 1386 926 defossi

363 995 503 1058 thesauri
526 995 784 1057 constituerunt?
831 993 877 1057 Ut
900 995 1043 1074 exemplo
1064 995 1149 1058 dicta
1170 996 1384 1072 illustremus,

363 1130 546 1192 thesaurum
581 1128 825 1214 Compitanum‚
850 1128 972 1211 inquo
998 1131 1120 1192 denarii
1144 1131 1238 1196 initio
1263 1137 1294 1196 et
1317 1133 1386 1198 fine

365 1265 537 1329 Illviratus
559 1265 669 1348 Lepidi
689 1263 825 1327 Antonii
846 1263 988 1328 Caesaris
1008 1265 1089 1340 cusi,
1115 1267 1225 1329 maiori
1249 1291 1385 1332 numero

365 1403 579 1484 antiquiorum
614 1401 748 1464 admixti
773 1405 882 1476 eraut,
906 1405 1013 1463 tamen
1040 1403 1114 1484 quia
1137 1403 1252 1486 reliqui
1276 1406 1386 1468 totum

363 1541 396 1600 et
419 1538 508 1620 quasi
533 1537 698 1599 definitum
723 1558 836 1621 corpus
861 1536 980 1599 efficere
1004 1513 1203 1614 viderentur,
1230 1561 1316 1602 anno
1338 1541 1384 1604 49

363 1673 460 1736 humo
485 1676 670 1735 mandatum
695 1694 761 1734 esse
785 1673 844 1735 viri
869 1673 953 1735 docti
978 1673 1111 1756 probare
1136 1677 1329 1738 studuerunt
1346 1679 1383 1758 ¹).

363 1809 387 1874 li
410 1831 484 1872 vero
504 1808 687 1892 opinionem
708 1808 954 1890 praeindicatam
975 1809 1019 1871 rei
1040 1809 1151 1872 afferre
1171 1810 1250 1871 mihi
1268 1810 1383 1873 viden-

363 1950 426 2009 tur.
474 1945 506 2008 Si
541 1945 589 2007 vir
624 1944 824 2006 doctissimus
859 1966 888 2005 v.
927 1943 1045 2018 Sedet,
1077 1945 1115 2007 de
1147 1966 1232 2007 anno
1265 1944 1384 2008 defossi

362 2081 503 2144 thesauri
538 2079 696 2145 Caiatiani
716 2083 741 2162 ²)
777 2101 890 2162 agens,
929 2081 1062 2143 eandem
1098 2081 1181 2143 viam
1216 2081 1382 2162 ingressus

361 2221 461 2292 esset,
486 2216 579 2280 facile
603 2218 822 2280 demonstratu
843 2216 953 2278 fuisset
974 2216 1126 2298 neglectis
1145 2221 1177 2278 et
1201 2238 1257 2299 pro
1278 2217 1383 2280 nihilo

363 2354 479 2415 habitis
512 2351 647 2415 Antonii
672 2353 808 2415 denariis
831 2375 869 2415 ex
893 2374 979 2415 anno
1004 2354 1063 2428 41,
1087 2353 1223 2415 eundem
1246 2352 1381 2416 thesau-

361 2510 432 2552 rum
468 2510 553 2551 anuo
589 2490 633 2550 43
668 2488 727 2550 sub
757 2491 874 2550 terram
909 2487 1126 2549 absconditam
1159 2509 1244 2562 esse,
1276 2455 1381 2550 solum

361 2628 489 2710 propter
512 2624 771 2707 congruentiam,
797 2628 834 2685 ut
856 2623 903 2684 ita
924 2623 1044 2697 dicam,
1066 2623 1277 2704 reliquorum,
1298 2645 1380 2705 quos

359 2761 562 2835 continebat,
599 2780 810 2822 nummorum.
858 2758 926 2821 Iam
963 2779 1036 2820 vero
1070 2762 1191 2820 certum
1225 2760 1273 2820 est
1306 2779 1380 2820 eum

359 2897 544 2960 thesaurum
574 2895 731 2958 infossum
762 2917 829 2962 esse
860 2916 925 2957 non
957 2899 1032 2956 autc
1065 2916 1185 2956 annum
1219 2894 1280 2968 41,
1311 2915 1378 2956 non

359 3038 434 3097 ante
457 3055 578 3096 annum
604 3033 664 3107 41,
688 3032 802 3093 iterum
827 3030 915 3092 dico:
937 3030 1054 3093 etenim
1076 3030 1137 3093 hoc
1156 3030 1236 3092 mihi
1255 3051 1381 3112 semper

358 3192 541 3254 persuasum
565 3169 642 3243 erit,
666 3189 704 3230 ex
728 3168 876 3229 thesauro
901 3188 1000 3227 uuum
1025 3169 1153 3228 tantum
1178 3165 1258 3228 effici
1281 3165 1383 3229 licere

357 3305 480 3388 aliaque
512 3308 702 3386 argumenta
732 3301 840 3363 omnia
869 3301 1079 3364 coniecturae.
1094 3305 1221 3364 tantum
1248 3302 1380 3366 nomine

356 3525 550 3538 ...-...-.-

391 3700 417 3759 1)
436 3715 456 3745 v.
476 3695 794 3746 Sallet'sZeitschr.'1875.
813 3711 834 3758 p.
855 3695 910 3742 352.

364 3806 369 3816 =
389 3780 416 3842 2)
437 3779 574 3826 Thesaurus
598 3777 735 3824 Caiatianus
758 3777 831 3823 humo
855 3778 980 3824 mandatus
1003 3782 1037 3826 est
1057 3795 1103 3825 non
1122 3782 1176 3824 ante
1195 3794 1247 3824 ann.
1267 3779 1308 3834 41,
1327 3778 1376 3824 lor-

353 3863 414 3907 tasse
440 3876 466 3907 eo
484 3864 591 3922 tempore
608 3874 661 3906 cum
680 3858 741 3905 bello
760 3859 864 3906 instante
882 3861 968 3905 Caesar
985 3861 1011 3906 L.
1031 3859 1162 3906 Antonium
1183 3860 1257 3906 'l'eani
1276 3859 1375 3906 Sidicini

353 3943 471 3990 convenit.
507 3944 583 3988 Causa
606 3958 649 3988 cur
672 3942 743 3988 ceteri
768 3941 874 3988 thesauri
893 3941 973 3988 infossi
991 3942 1051 3998 siut,
1071 3942 1170 3988 tortasse
1188 3943 1322 4003 quaerenda
1339 3950 1376 3990 est
1458 3956 1466 3968 ·

360 4040 375 4071 n
394 4039 421 4070 eo
440 4029 559 4087 ternpore,
578 4039 624 4086 qno
642 4023 719 4070 omnis
738 4022 810 4069 Italia
828 4021 890 4069 bello
909 4023 1023 4072 Perusino
1041 4027 1208 4072 concuteretur
1225 4013 1375 4072 etexercitus

350 4122 388 4180 iex
406 4106 484 4156 Gallia
502 4105 606 4154 arcessiti
624 4106 651 4153 ad
670 4105 793 4170 pecuniam
810 4120 877 4153 suam
895 4105 1058 4175 defodiendam
1075 4106 1163 4155 multos
1181 4107 1345 4172 compulerint.
