3106 5086
643 497 683 562 15

151 736 402 840 ¹salutationibus
425 737 527 814 lucem
547 737 705 802 afferunt
721 736 891 803 Ventidius
913 740 998 804 enim
1020 743 1094 825 post
1113 733 1192 824 pa?

155 899 224 942 cem
259 857 497 942 Brundusinam
510 873 536 963 ¹)
573 877 672 960 (anno
710 877 767 961 40)
795 876 832 940 in
863 876 1026 942 Orientem
1059 877 1173 943 missus

41 1046 42 1049 ¹
156 1017 222 1099 est,
254 1016 309 1099 qui
340 1015 559 1099 proconsulari
590 1016 732 1100 imperio
756 1015 886 1081 functus
917 1016 1054 1082 Parthos
1078 1019 1110 1081 et
1133 1017 1171 1080 Τ.

154 1154 332 1220 Labienum
367 1153 548 1218 debellaret.
596 1154 732 1220 Parthos
766 1155 886 1241 proelio
921 1157 999 1221 vicit
1029 1156 1171 1222 Labieno
1201 1243 1204 1250 ,

155 1297 270 1361 occiso.
295 1294 384 1360 Haeo
404 1299 510 1361 autem
529 1294 662 1360 victoria
682 1295 851 1374 Ventidio,
873 1298 911 1360 ut
929 1297 1040 1361 alienis
1065 1298 1172 1381 auspi-

155 1437 212 1502 ciis
233 1459 301 1502 rem
324 1437 467 1520 gerenti,
491 1437 591 1514 nihil,
620 1435 763 1502 Antonio
784 1437 1032 1523 supplicationes
1051 1440 1083 1502 et
1101 1439 1172 1503 lau·

156 1579 211 1643 des
234 1578 346 1643 attulit
358 1575 395 1664 ⁹).
442 1576 540 1642 Anno
563 1581 637 1662 post
661 1579 732 1664 (38)
756 1600 785 1641 a.
811 1578 842 1645 d.
862 1601 892 1642 v.
913 1579 961 1645 Id.
983 1580 1055 1645 Iun.
1069 1579 1170 1646 altera

154 1718 305 1782 victoriae
328 1718 435 1801 palma
458 1739 477 1782 a
500 1718 653 1782 Ventidio
676 1718 715 1782 dc
738 1718 865 1782 Parthis
889 1722 1052 1804 reportata
1071 1724 1119 1785 est
1132 1722 1171 1806 ³),

50 1841 54 1846 ’
155 1879 229 1924 cum
254 1880 321 1936 eos,
347 1858 455 1943 Syriae
478 1858 599 1922 bellum
621 1858 812 1936 inferentes,
837 1859 978 1943 reppulit
1000 1879 1171 1943 regemque

155 2020 265 2065 eorum
287 1998 442 2064 Pacorum
466 1997 636 2062 interfecit.
665 1997 730 2062 Sed⁴
750 2001 919 2083 postquam
943 1999 1039 2064 etiam
1052 1997 1169 2063 Antio-

156 2138 250 2202 chum
260 2167 269 2215 ,’
301 2135 536 2221 Commageuae
567 2157 689 2221 regem,
722 2136 905 2202 Samosatae
929 2140 1095 2204 moenibus
1119 2141 1171 2203 in-

155 2276 276 2339 clusum
304 2296 491 2361 oppugnare
515 2276 686 2359 coepisset,
712 2278 902 2361 necopinato
927 2276 1089 2342 Antonius
1114 2280 1170 2342 ad-

156 2417 260 2494 venit,
293 2418 349 2501 qui
377 2418 499 2481 invidia
531 2439 606 2502 erga
638 2440 729 2482 suum
758 2419 989 2498 trorrpdrayoa
1012 2419 1170 2505 flagrans,

155 2579 212 2642 par
244 2557 442 2637 obsidionem
472 2557 654 2622 Samosataa
678 2580 795 2623 munus
820 2559 850 2622 ci
872 2560 1049 2643 abrogavit.
1084 2560 1171 2626 Haec

155 2699 259 2782 prima
290 2701 328 2761 de
360 2688 488 2761 Parthis
511 2697 612 2761 relata
635 2699 767 2762 victoria
791 2698 875 2762 tanti
898 2699 993 2783 pretii
1016 2700 1171 2764 Romanis
1301 2767 1303 2770 ,

155 2837 223 2902 visa
247 2839 313 2920 est,
338 2841 466 2916 utnon
491 2837 592 2901 solum
616 2837 779 2916 Antonio,
805 2839 894 2902 cuius
917 2840 1065 2922 auspiciis
1090 2840 1170 2906 illud

156 2978 274 3041 bellum
300 2980 424 3061 gastum
449 2977 566 3055 fuerat,
593 2980 647 3041 sed
671 2976 823 3041 Ventidio
843 2977 939 3042 etiam
963 2979 1169 3063 supplicatio·

121 3157 124 3162 ·
155 3137 212 3209 nes
244 3120 275 3181 et
297 3118 497 3202 triumphum
522 3120 737 3182 decernerent.
785 3115 922 3183 Constat
941 3118 1041 3202 igitur
1063 3117 1170 3184 Anto-

155 3257 245 3321 nium
278 3259 409 3342 propter
444 3256 528 3320 hanc
563 3256 628 3320 suis
651 3256 811 3339 auspiciis
846 3260 971 3340 partam
1003 3256 1170 3332 victoriam

153 3397 354 3481 imperatoris
378 3395 508 3460 titulum
532 3397 592 3460 sibi
615 3396 801 3472 adscivissc3
822 3397 876 3461 sad
897 3417 963 3460 non
983 3397 1171 3462 verisimile

153 3542 203 3601 ast
235 3558 306 3600 eum
338 3536 446 3600 laudes
479 3535 637 3614 ventidii,
670 3536 785 3600 aemuli
808 3537 873 3614 sui,
898 3537 1045 3600 omnibus
1069 3538 1172 3601 modis

154 3739 337 3748 ...-————-

189 3857 213 3915 1)
232 3857 327 3903 auctora
344 3854 453 3919 Appiano
471 3853 512 3917 (V,
532 3855 588 3920 65);
607 3854 743 3904 auctoribus
760 3871 817 3905 vcro
835 3856 966 3906 Plutarcho
983 3859 1007 3904 et
1024 3855 1102 3904 Dione
1118 3859 1172 3921 post

152 3952 234 4002 pacem
252 3937 425 3993 Misenensem
453 3937 482 3985 de
498 3936 544 3985 hac
561 3952 587 3984 ra
603 3939 755 3986 controversa
771 3937 825 3986 vide
842 3937 974 3986 Burcklein
999 3936 1171 4002 (Chronologic

153 4023 198 4069 etc.
216 4036 239 4085 p.
258 4017 310 4085 51).

138 4087 142 4092 '
189 4101 217 4166 a)
236 4102 281 4151 oa
298 4104 361 4152 aaa.
379 4104 425 4162 aa,
444 4104 485 4152 41.
586 4103 614 4168 a)
632 4103 663 4152 u.
681 4105 728 4163 49,
747 4104 786 4153 21.
