3106 5086
713 537 756 603 43

226 773 365 836 bnendas
397 795 462 836 esse
493 773 653 837 Victoriae
680 777 835 860 imagines
870 780 955 841 aurei
986 778 1183 843 Numoniani
1208 783 1241 843 et

226 909 345 972 denarii
370 910 569 974 Mussidiani.

269 1043 317 1107 Ae
352 1045 490 1127 primum
525 1046 652 1127 quidem
690 1047 811 1109 numeri
846 1069 906 1119 nn,
941 1070 996 1112 xm
1020 1050 1240 1132 quinariorum

226 1184 406 1244 nostrorum
430 1183 566 1244 aetatem
593 1181 726 1245 Antonii
750 1184 913 1259 indicant,
938 1188 1023 1269 quod
1049 1207 1114 1249 non
1136 1188 1240 1250 dicam

225 1316 388 1398 probavit,
421 1318 473 1380 sed
499 1318 564 1380 veri
589 1318 783 1381 simillimum
807 1320 943 1383 reddidit
966 1320 1088 1384 thhel
1112 1325 1145 1384 et
1168 1327 1242 1404 post

226 1474 296 1514 eum
328 1451 521 1535 Borghesius
548 1462 580 1528 Ι).
631 1451 711 1516 Cum
735 1458 841 1517 antem
867 1457 905 1518 de
931 1457 999 1538 ipso
1025 1479 1111 1520 anno
1136 1460 1240 1522 natali

226 1588 269 1652 Μ.
293 1588 429 1652 Antonii
453 1591 516 1651 iam
542 1593 660 1652 veteres
685 1590 868 1653 dubitarent
894 1593 1078 1675 nummique
1090 1593 1242 1657 Fulviam
1283 1554 1288 1562 ·

226 1723 409 1787 exhibentes
432 1724 537 1787 locum
561 1725 619 1787 sibi
640 1729 829 1807 quaererent
845 1727 879 1788 in
902 1727 977 1788 beili
999 1727 1145 1791 Perusini
1158 1733 1240 1792 tem·

226 1879 317 1940 pore,
350 1857 384 1920 hi
414 1858 551 1940 quinarii
584 1860 758 1922 neeessario
788 1860 937 1941 Lugduni
963 1862 1028 1925 ensi
1052 1867 1128 1925 sunt
1154 1884 1241 1927 anno

228 1998 268 2059 41
303 2019 331 2059 a.
358 2018 383 2060 o.
409 2019 440 2058 n.
474 1997 563 2078 (quia
587 1996 672 2058 enim
695 1997 733 2057 de
757 2000 805 2060 die
832 1997 932 2060 natali
959 1997 1091 2061 Antonii
1116 2021 1241 2082 quoque

225 2133 305 2196 nihil
339 2136 483 2207 constat,
521 2154 586 2195 non
621 2153 700 2215 opus
735 2137 783 2196 est
814 2134 995 2214 quinarium
1029 2157 1161 2197 numero
1186 2155 1242 2198 xm

225 2269 402 2352 praeditum
433 2270 468 2331 in
500 2291 620 2331 annum
653 2269 695 2330 40
724 2268 870 2352 differre).
919 2269 1009 2342 Quod
1033 2274 1138 2340 autem
1163 2268 1239 2332 Ful-

224 2405 292 2469 viae
323 2403 441 2487 effigies
475 2404 523 2466 his
547 2404 686 2466 nummis
710 2425 857 2486 expressa
881 2405 939 2481 sit,
964 2426 1000 2468 ea
1022 2408 1152 2480 res‚'ut
1177 2406 1240 2468 iam

224 2541 422 2614 monuimus,
455 2541 520 2604 veri
555 2539 667 2602 similis
690 2544 817 2604 tantum
842 2540 921 2603 efflei
945 2544 1058 2623 potest.
1109 2542 1191 2603 Nam
1215 2542 1241 2605 si

224 2677 264 2739 ad
299 2698 463 2739 nummum
500 2697 632 2738 aeneum
668 2675 893 2738 Fulvianorum
929 2675 1103 2738 attenderis
1126 2676 1239 2739 Eume-

225 2811 312 2886 niae‚
346 2813 379 2873 in
410 2812 570 2894 Phrygiae
600 2813 694 2886 urbe,
729 2811 919 2893 magistratu
944 2811 1138 2893 Smertorige
1161 2811 1239 2876 Phi-

226 2946 352 3009 lonidae
384 2945 403 3007 f.
432 2967 557 3020 onsnm,
582 2946 615 3008 in
640 2946 747 3010 oeulos
770 2946 906 3009 incurrit
929 2969 1025 3029 quam
1050 2946 1184 3009 similem
1205 2946 1240 3008 in
1312 2952 1314 2956 ’

226 3087 356 3144 modum
388 3082 496 3165 capilli
526 3083 695 3165 compositi
724 3084 790 3145 sint
821 3083 888 3146 eius
925 3082 1085 3145 Victoriae
1109 3049 1239 3164 eapitis,

226 3220 311 3301 quod
340 3218 566 3282 Fulvianornm
592 3241 741 3283 nummus
766 3222 798 3282 et
821 3220 906 3302 quod
932 3219 1159 3302 Lugdunenses
1184 3239 1238 3282 no·

225 3356 283 3417 stri
306 3355 442 3438 quinarii
467 3355 649 3418 ostendunt.
697 3354 861 3428 Quomodo
884 3376 958 3419 vero
982 3355 1111 3418 Fuluiae
1133 3356 1240 3437 imago

226 3496 369 3566 ooeurrat
399 3491 433 3553 in
458 3512 588 3554 nummo
612 3495 678 3553 tam
701 3492 810 3574 procul
836 3492 875 3553 ab
899 3491 978 3553 urbe
1001 3492 1149 3573 signato,
1172 3492 1241 3552 iure

226 3631 318 3709 roget
330 3627 453 3709 aliquis.
477 3625 622 3689 Fortasse
634 3628 761 3701 milites,
771 3649 850 3709 quos
858 3649 895 3689 ex
909 3647 965 3688 suo
979 3627 1117 3688 exercitu
1129 3625 1242 3690 Fulvia

226 3763 277 3827 vel
300 3763 438 3826 Planous
461 3762 544 3825 bello
569 3763 721 3826 Perusino
746 3763 889 3826 eonfeeto
905 3763 940 3824 in
957 3761 1121 3838 Orientem
1134 3784 1239 3826 seeum

222 3977 396 3989 *an—u-

262 4127 289 4190 1)
307 4127 396 4174 Fehhel
414 4129 442 4174 D.
463 4128 493 4174 N.
515 4128 541 4174 V.
563 4126 597 4174 Vl
616 4143 637 4190 p.
656 4129 715 4183 40.;
734 4125 848 4189 Borghesi
866 4127 944 4189 Opere
962 4125 983 4172 Ι.
1001 4140 1023 4188 p.
1042 4125 1100 4172 498.
