3106 5086
671 470 712 535 35

181 713 279 797 digna
302 733 368 776 esse
392 713 516 794 praeter
538 709 599 772 hoc
624 731 745 783 unum,
767 709 807 769 ad
830 710 914 790 quod
940 709 1094 782 nummis,
1114 729 1193 790 que·

178 875 249 918 rum
277 858 421 936 tempora
444 857 529 916 certo
553 851 790 933 circumscripta
814 854 906 925 sunt,
931 850 1129 912 inducimur:
1156 855 1192 912 ut

181 996 393 1062 constituatur
410 1009 485 1081 poet
509 996 593 1078 qnod
617 998 742 1079 tempus
765 994 931 1056 thesaurus
955 993 1069 1076 aliquis
1089 993 1192 1056 delos-

180 1163 233 1204 sus
255 1162 321 1204 ease
341 1140 470 1214 debeat,
497 1159 569 1202 cum
592 1138 681 1214 inde,
705 1137 789 1220 quod
811 1138 965 1220 quaedam
989 1157 1192 1198 nummorum

180 1281 372 1364 exemplaria
401 1283 533 1356 desunt,
558 1301 629 1343 vere
652 1277 777 1342 definiri
801 1299 867 1342 non
892 1279 991 1364 possit
1013 1291 1084 1342 autc
1107 1281 1192 1359 quod

180 1425 306 1508 tempus
329 1422 496 1485 thesaurus
520 1421 617 1483 humo
640 1421 811 1484 mandatus
833 1421 885 1484 sit.

226 1564 346 1639 Quibus
366 1585 436 1626 cum
458 1584 509 1625 me
528 1565 759 1626 demonstrasse
778 1563 885 1626 videar
897 1567 1100 1645 argumenta,
1114 1585 1194 1645 quae

180 1707 358 1770 attulerunt
382 1705 442 1768 viri
467 1704 552 1768 docti
577 1706 614 1766 ut
637 1701 783 1767 Clodium
808 1703 985 1767 Livineium
1006 1703 1194 1768 Mussidium

179 1846 311 1911 Vibium
350 1847 497 1910 llllviros
536 1846 615 1918 anni
646 1847 689 1909 43
720 1845 817 1909 fuisse
849 1849 1014 1922 docerent,
1054 1848 1093 1910 ad
1128 1868 1194 1910 rem

180 1991 374 2056 efficiendam
407 2013 520 2076 parum
552 1989 674 2071 valere,
707 2012 773 2052 non
799 2012 902 2053 errare
926 1991 1018 2054 nobis
1042 1992 1195 2068 videmur,

179 2155 250 2197 curn
282 2154 335 2196 eos
367 2154 529 2197 censemus
550 2131 705 2195 [Illviros
727 2131 900 2194 monetales
919 2129 1015 2194 fuisse
1033 2153 1120 2194 auno
1141 2132 1194 2194 42.

181 2276 268 2339 Duas
291 2296 341 2338 res
364 2275 426 2337 iam
451 2277 684 2338 demonstratas
707 2274 847 2356 accipere
870 2273 961 2374 licet:
984 2273 999 2336 I
1019 2273 1195 2335 Livineium

181 2415 328 2480 Clodium
361 2395 548 2478 Mussidium
583 2415 729 2492 Vibium,
754 2437 946 2498 quamquam
972 2414 1080 2478 nullus
1103 2437 1196 2478 num·

181 2580 250 2620 mus
281 2561 401 2632 exstat,
435 2579 499 2640 quo
534 2557 646 2621 Vibius
678 2554 879 2641 quattuorvir
910 2559 977 2640 ipso
1010 2557 1070 2620 hoc
1099 2558 1194 2620 verbo

183 2699 376 2784 appellatur,
413 2722 477 2762 una
510 2722 564 2784 per
595 2655 673 2762 anni
704 2700 841 2784 spatium
873 2699 1017 2762 officinae
1045 2701 1198 2762 monetali

184 2841 372 2924 praefuissm
398 2843 431 2906 ΙΙ
456 2863 492 2906 eo
514 2841 617 2906 officio
642 2864 694 2906 eos
717 2844 845 2907 functos
869 2865 935 2906 esse
959 2863 1025 2906 non
1045 2863 1130 2906 anno
1143 2843 1196 2920 38,

182 2981 220 3040 ut
241 2977 415 3062 Borghesio
439 2983 472 3041 et
494 2979 564 3042 aliis
585 2981 688 3043 visum
708 2984 772 3053 est,
793 2982 846 3043 sed
866 2981 988 3062 aliquot
1008 2979 1100 3042 annis
1121 2985 1195 3042 ante

185 3114 360 3195 etquidem
380 3115 630 3200 brevitempore
651 3120 722 3200 post
742 3115 895 3200 Lepidum
917 3113 1095 3178 Antonium
1116 3113 1195 3178 an-

184 3270 284 3312 sarem
320 3248 454 3313 IIIviros
490 3272 515 3313 r.
544 3273 570 3334 p.
597 3271 622 3313 c.
660 3259 792 3314 creatos.
851 3249 907 3314 Sin
942 3250 1109 3314 contendis
1143 3271 1196 3314 eos

183 3397 274 3447 anno'
299 3387 342 3448 43
374 3385 476 3449 officio
508 3386 660 3448 monetali
686 3386 814 3449 functos
840 3407 921 3461 esse,
953 3386 1017 3448 iam
1041 3387 1196 3448 concedas

183 3542 308 3583 necesse
335 3523 384 3583 est
407 3542 517 3584 omnes
540 3540 651 3584 aureos
675 3522 882 3604 denariosque
896 3522 946 3583 'ab
969 3521 1007 3584 iis
1031 3541 1122 3584 cusos
1145 3520 1197 3584 iu·

183 3659 232 3718 ter
249 3677 277 3718 a.
292 3657 320 3718 d.
333 3679 361 3719 v.
377 3655 447 3719 Kal.
463 3657 537 3719 Dec.
552 3658 595 3720 43
608 3660 641 3719 et
651 3657 731 3740 prid.
745 3656 817 3720 Kal.
832 3658 900 3719 lan.
915 3658 958 3720 43
971 3658 1021 3740 (z
1038 3657 1094 3719 31⁰
1108 3659 1138 3718 d.
1153 3677 1195 3719 m.

184 3790 259 3856 Dec.
284 3793 341 3876 43)
366 3793 567 3856 collocandos
587 3814 668 3868 esse,
694 3794 769 3875 quia
792 3794 947 3876 imagines
966 3794 1115 3876 titulique
1136 3793 1196 3856 lll-

185 3926 324 3989 virorum
356 3947 380 3988 r.
396 3951 426 4010 p.
443 3949 487 4002 c.‚
524 3950 551 3989 a.
566 3928 594 3989 d.
610 3950 639 3990 v.
677 3927 747 3990 Kal.
786 3929 861 3990 Dec.
898 3931 1023 3991 demum
1055 3927 1196 4010 legitime

185 4061 384 4139 creatorum,
421 4083 486 4132 non
522 4063 583 4130 nisi
608 4064 789 4148 posthunc
813 4064 896 4128 diem
921 4086 940 4127 a
963 4062 1106 4128 Hllviris
1130 4083 1198 4126 mo·
