3106 5086
673 491 712 554 11

182 731 268 795 latus
292 751 450 795 annorum
479 732 540 809 34,
566 732 628 809 31,
653 729 781 796 Caesari
806 751 964 796 annorum
978 732 1038 810 33,
1054 730 1094 796 31
1109 747 1201 813 aepo-

183 876 342 936 narentur.
391 869 472 936 Erat
495 890 571 954 ergo
597 869 762 934 Antonius
786 891 849 937 eos.
874 870 937 934 des.
960 869 991 935 ll
1008 872 1042 934 et
1059 869 1106 935 ΙΙΙ
1125 870 1201 934 inde

182 1014 223 1078 ab
257 1032 342 1076 anno
375 1013 417 1078 39
450 1033 550 1096 usque
580 1013 621 1076 ad
650 1014 710 1097 34,
734 1034 796 1076 eos.
822 1013 886 1078 des.
910 1012 956 1076 III
980 1016 1054 1096 post
1077 1034 1199 1076 annum

184 1153 227 1218 34
250 1174 350 1237 usque
373 1153 413 1216 ad
439 1154 492 1218 31.
540 1150 621 1217 (lum
646 1153 752 1216 autem
776 1151 890 1216 titulus
913 1151 1053 1216 consulis
1077 1152 1141 1217 des.
1167 1151 1200 1217 II

183 1297 216 1357 et
238 1293 285 1357 111
307 1313 379 1358 oum
404 1293 619 1378 appellatione
642 1293 843 1376 imperatoris
866 1293 907 1378 (Ι)
934 1294 1124 1358 eoniunetus
1147 1315 1198 1358 oe·

183 1438 307 1512 currat,
342 1416 397 1519 qui
421 1455 513 1518 saepe
538 1433 582 1496 M.
606 1432 744 1498 Antonii
767 1432 890 1495 nomini
914 1432 1081 1520 adhaeret,
1105 1430 1198 1495 simul

182 1575 284 1659 liquet
311 1574 550 1660 imperatoriam
581 1572 828 1657 appellationem
848 1594 867 1636 a
890 1572 936 1636 111
959 1572 1027 1636 viro
1050 1571 1198 1635 iteratam

183 1731 250 1776 non
280 1733 345 1776 esse
378 1717 453 1776 ante
485 1734 606 1778 annum
639 1715 692 1780 39.
740 1712 859 1788 Quodsi
886 1734 981 1797 porro
1012 1712 1072 1776 hoe
1103 1730 1200 1794 argu-

184 1856 311 1930 mento,
349 1852 436 1936 quod
468 1852 620 1917 nonnulli
650 1853 741 1937 parvi
773 1854 929 1918 momenti
968 1852 1109 1931 habent,
1140 1875 1199 1937 pa-

182 2014 311 2077 rumper
346 1993 484 2077 seposito
519 1997 595 2057 ante
631 2015 752 2057 annum
789 1995 830 2058 39
865 1992 947 2057 nihil
982 1993 1103 2058 laetum
1133 2015 1200 2058 esse

183 2136 460 2210 demonstravero,
484 2136 571 2218 quod
595 2131 639 2197 M.
661 2131 805 2197 Antonio
824 2132 913 2210 tituli
933 2133 1197 2223 imperatorisae-

183 2273 322 2357 oipiendi
357 2241 451 2338 eausa
484 2270 597 2367 fuerit,
630 2272 732 2335 multa
760 2292 835 2336 vero
865 2275 939 2355 post
967 2272 1054 2337 hune
1077 2294 1198 2338 annum

183 2413 346 2491 aeoidisse,
386 2435 467 2497 quae
501 2414 578 2499 imp.
615 2411 646 2478 ll
681 2433 798 2477 nomen
831 2414 860 2477 ei
883 2435 993 2498 parere
1015 2414 1197 2499 potuerint,

60 2639 64 2644 Ι
182 2555 340 2619 victurum
372 2574 421 2616 me
451 2552 553 2617 uideo.
600 2551 689 2616 Duae
718 2555 826 2617 autem
853 2575 920 2630 res,
947 2575 1033 2637 ¹quae
1064 2557 1200 2620 doeeant

183 2691 362 2758 Antonium
392 2695 467 2757 ante
491 2713 611 2756 annum
637 2693 678 2756 39
702 2692 926 2775 imperatorem
949 2690 980 2755 ΙΙ
1002 2692 1198 2777 appellatum

76 2789 82 2796 =-
184 2855 269 2912 esse,
304 2834 410 2897 afferri
440 2834 593 2917 possunt:
626 2830 759 2896 viatoria
789 2829 1006 2916 Philippensis
1037 2833 1070 2893 et
1091 2829 1197 2894 ovatio

183 2978 257 3059 post
287 2996 397 3059 paoem
425 2973 662 3038 Brundusinam
685 2971 830 3036 Antonio
855 2975 888 3036 et
911 2971 1038 3052 Caesari
1060 2974 1196 3036 decreta.

183 3114 273 3180 Bello
301 3117 408 3179 autem
432 3112 651 3196 Philippensi,
676 3069 748 3177 eum
769 3112 890 3177 eivibus
912 3091 1066 3176 Romanis
1089 3114 1196 3196 gesto,

182 3252 344 3318 Antonius
376 3252 453 3335 imp.
486 3250 517 3316 ll
540 3272 606 3315 non
631 3251 735 3316 faetus
759 3254 822 3331 est,
846 3219 1125 3336 quodmanifesto
1148 3273 1197 3318 os·

182 3394 322 3467 tendunt
350 3391 474 3456 nummi
498 3391 565 3455 eusi
588 3412 674 3455 anno
698 3391 757 3469 41,
781 3392 837 3475 qui
863 3414 934 3456 eum
957 3393 1034 3477 imp.
1060 3375 1100 3480 (l)
1122 3397 1197 3458 tan-

182 3537 274 3612 tum,
303 3556 370 3598 non
397 3533 474 3617 imp.
500 3531 532 3597 ll
556 3532 730 3617 appellant.
778 3533 951 3599 Videamus
974 3536 1039 3599 iam
1062 3536 1101 3598 de
1124 3556 1197 3601 ova·

183 3673 270 3738 tione
294 3673 345 3738 eui
369 3671 563 3756 Borghesius
587 3669 614 3758 ¹)
639 3674 767 3737 tantum
791 3674 904 3738 tribuit
923 3677 961 3740 ut
977 3678 1110 3759 propter
1127 3698 1196 3740 eam

183 3812 229 3878 III
252 3812 328 3880 viris
353 3812 555 3896 imperatoris
577 3811 689 3876 titulos
712 3815 822 3878 auotos
845 3835 912 3878 esse
927 3813 1069 3898 ,probare
1088 3814 1196 3886 stude·
1292 3827 1294 3830 ’

217 4114 243 4177 1)
264 4113 379 4178 Borghesi
397 4115 476 4178 Opere
493 4114 521 4162 ΙΙ
538 4130 561 4179 p.
579 4116 612 4162 44
629 4130 679 4177 sqq.
