<?xml version="1.0" encoding="UTF-8"?>
<!DOCTYPE html PUBLIC "-//W3C//DTD XHTML 1.0 Transitional//EN"
    "http://www.w3.org/TR/xhtml1/DTD/xhtml1-transitional.dtd">
<html xmlns="http://www.w3.org/1999/xhtml" xml:lang="en" lang="en">
 <head>
  <title>
</title>
<meta http-equiv="Content-Type" content="text/html;charset=utf-8" />
  <meta name='ocr-system' content='tesseract 3.04.00' />
  <meta name='ocr-capabilities' content='ocr_page ocr_carea ocr_par ocr_line ocrx_word'/>
</head>
<body>
  <div class='ocr_page' id='page_1' title='image "./denummismantoni00calagoog_0066.png"; bbox 0 0 3104 5084; ppageno 0'>
   <div class='ocr_carea' id='block_1_1' title="bbox 643 497 724 559">
    <p class='ocr_par' dir='ltr' id='par_1_1' title="bbox 643 497 724 559">
     <span class='ocr_line' id='line_1_1' title="bbox 643 497 724 559; baseline 0.025 -2"><span class='ocrx_word' id='word_1_1' title='bbox 643 497 724 559; x_wconf 84' lang='lat'>-53</span> 
     </span>
    </p>
   </div>
   <div class='ocr_carea' id='block_1_2' title="bbox 131 734 1316 3484">
    <p class='ocr_par' dir='ltr' id='par_1_2' title="bbox 131 734 1282 3339">
     <span class='ocr_line' id='line_1_2' title="bbox 196 734 1211 819; baseline 0.004 -22"><span class='ocrx_word' id='word_1_2' title='bbox 196 735 378 812; x_wconf 86' lang='lat' dir='ltr'>victoriam,</span> <span class='ocrx_word' id='word_1_3' title='bbox 400 757 496 818; x_wconf 91' lang='lat' dir='ltr'>quam</span> <span class='ocrx_word' id='word_1_4' title='bbox 515 734 685 799; x_wconf 72' lang='lat' dir='ltr'>Ventidius</span> <span class='ocrx_word' id='word_1_5' title='bbox 704 735 814 800; x_wconf 89' lang='lat' dir='ltr'>eodem</span> <span class='ocrx_word' id='word_1_6' title='bbox 835 736 900 812; x_wconf 92' lang='lat' dir='ltr'>die,</span> <span class='ocrx_word' id='word_1_7' title='bbox 921 757 983 819; x_wconf 90' lang='lat' dir='ltr'>quo</span> <span class='ocrx_word' id='word_1_8' title='bbox 1003 741 1098 801; x_wconf 85' lang='lat' dir='ltr'>antea</span> <span class='ocrx_word' id='word_1_9' title='bbox 1118 735 1211 802; x_wconf 90' lang='lat' dir='ltr'>Cras·</span> 
     </span>
     <span class='ocr_line' id='line_1_3' title="bbox 196 845 1208 960; baseline 0.001 -23"><span class='ocrx_word' id='word_1_10' title='bbox 196 897 247 938; x_wconf 91' lang='lat' dir='ltr'>sus</span> <span class='ocrx_word' id='word_1_11' title='bbox 278 879 443 960; x_wconf 88' lang='lat' dir='ltr'>superatus</span> <span class='ocrx_word' id='word_1_12' title='bbox 474 875 592 951; x_wconf 85' lang='lat' dir='ltr'>suerat,</span> <span class='ocrx_word' id='word_1_13' title='bbox 618 875 744 939; x_wconf 90' lang='lat' dir='ltr'>rettulit</span> <span class='ocrx_word' id='word_1_14' title='bbox 767 879 798 939; x_wconf 89' lang='lat' dir='ltr'>et</span> <span class='ocrx_word' id='word_1_15' title='bbox 822 897 877 960; x_wconf 91' lang='lat' dir='ltr'>per</span> <span class='ocrx_word' id='word_1_16' title='bbox 900 845 1001 960; x_wconf 85' lang='lat' dir='ltr'>ipsam</span> <span class='ocrx_word' id='word_1_17' title='bbox 1024 874 1208 939; x_wconf 89' lang='lat' dir='ltr'>Samosatae</span> 
     </span>
     <span class='ocr_line' id='line_1_4' title="bbox 196 1015 1282 1099; baseline 0 -22"><span class='ocrx_word' id='word_1_18' title='bbox 196 1015 392 1078; x_wconf 86' lang='lat' dir='ltr'>obsidionem</span> <span class='ocrx_word' id='word_1_19' title='bbox 419 1015 582 1079; x_wconf 86' lang='lat' dir='ltr'>Antonius</span> <span class='ocrx_word' id='word_1_20' title='bbox 607 1016 641 1078; x_wconf 91' lang='lat' dir='ltr'>in</span> <span class='ocrx_word' id='word_1_21' title='bbox 665 1015 789 1098; x_wconf 86' lang='lat' dir='ltr'>Syriam</span> <span class='ocrx_word' id='word_1_22' title='bbox 812 1016 916 1092; x_wconf 88' lang='lat' dir='ltr'>venit,</span> <span class='ocrx_word' id='word_1_23' title='bbox 940 1015 1011 1092; x_wconf 91' lang='lat' dir='ltr'>ubi,</span> <span class='ocrx_word' id='word_1_24' title='bbox 1037 1024 1208 1099; x_wconf 79' lang='lat' dir='ltr'><strong>postquam</strong></span> <span class='ocrx_word' id='word_1_25' title='bbox 1277 1052 1282 1066; x_wconf 86' lang='lat'><strong>·</strong></span> 
     </span>
     <span class='ocr_line' id='line_1_5' title="bbox 196 1153 1209 1237; baseline -0.002 -20"><span class='ocrx_word' id='word_1_26' title='bbox 196 1154 346 1218; x_wconf 88' lang='lat' dir='ltr'>Ventidio</span> <span class='ocrx_word' id='word_1_27' title='bbox 388 1156 427 1218; x_wconf 91' lang='lat' dir='ltr'>ad</span> <span class='ocrx_word' id='word_1_28' title='bbox 462 1154 660 1237; x_wconf 89' lang='lat' dir='ltr'>triumphum</span> <span class='ocrx_word' id='word_1_29' title='bbox 696 1155 825 1218; x_wconf 89' lang='lat' dir='ltr'>dimisso</span> <span class='ocrx_word' id='word_1_30' title='bbox 861 1154 944 1218; x_wconf 88' lang='lat' dir='ltr'>bello</span> <span class='ocrx_word' id='word_1_31' title='bbox 976 1153 1209 1237; x_wconf 90' lang='lat' dir='ltr'>quodammodo</span> 
     </span>
     <span class='ocr_line' id='line_1_6' title="bbox 195 1290 1209 1380; baseline -0.003 -24"><span class='ocrx_word' id='word_1_32' title='bbox 195 1294 301 1358; x_wconf 46' lang='lat' dir='ltr'>finem*</span> <span class='ocrx_word' id='word_1_33' title='bbox 315 1295 525 1380; x_wconf 76' lang='lat' dir='ltr'>imposuerat,</span> <span class='ocrx_word' id='word_1_34' title='bbox 552 1293 677 1380; x_wconf 67' lang='lat' dir='ltr'>(38l37)</span> <span class='ocrx_word' id='word_1_35' title='bbox 702 1293 826 1359; x_wconf 90' lang='lat' dir='ltr'>Sosium</span> <span class='ocrx_word' id='word_1_36' title='bbox 850 1294 1022 1379; x_wconf 87' lang='lat' dir='ltr'>provinciis</span> <span class='ocrx_word' id='word_1_37' title='bbox 1034 1290 1165 1358; x_wconf 76' lang='lat' dir='ltr'>Ciliciae</span> <span class='ocrx_word' id='word_1_38' title='bbox 1177 1297 1209 1354; x_wconf 90' lang='lat' dir='ltr'>et</span> 
     </span>
     <span class='ocr_line' id='line_1_7' title="bbox 135 1417 1208 1519; baseline -0.004 -21"><span class='ocrx_word' id='word_1_39' title='bbox 135 1417 137 1422; x_wconf 30' lang='lat'><strong><em>¹</em></strong></span> <span class='ocrx_word' id='word_1_40' title='bbox 195 1432 304 1518; x_wconf 84' lang='lat' dir='ltr'>Syriae</span> <span class='ocrx_word' id='word_1_41' title='bbox 335 1433 504 1519; x_wconf 84' lang='lat' dir='ltr'>praefecit,</span> <span class='ocrx_word' id='word_1_42' title='bbox 536 1434 607 1518; x_wconf 87' lang='lat' dir='ltr'>ipse</span> <span class='ocrx_word' id='word_1_43' title='bbox 626 1456 734 1498; x_wconf 92' lang='lat' dir='ltr'>rursus</span> <span class='ocrx_word' id='word_1_44' title='bbox 758 1433 962 1498; x_wconf 72' lang='lat' dir='ltr'>Occidentem</span> <span class='ocrx_word' id='word_1_45' title='bbox 986 1455 1094 1498; x_wconf 87' lang='lat' dir='ltr'>versus</span> <span class='ocrx_word' id='word_1_46' title='bbox 1117 1432 1208 1496; x_wconf 86' lang='lat' dir='ltr'>festi·</span> 
     </span>
     <span class='ocr_line' id='line_1_8' title="bbox 195 1572 1209 1659; baseline 0 -24"><span class='ocrx_word' id='word_1_47' title='bbox 195 1574 301 1642; x_wconf 81' lang='lat' dir='ltr'>navit:</span> <span class='ocrx_word' id='word_1_48' title='bbox 338 1575 432 1659; x_wconf 92' lang='lat' dir='ltr'>paulo</span> <span class='ocrx_word' id='word_1_49' title='bbox 467 1578 541 1659; x_wconf 90' lang='lat' dir='ltr'>post</span> <span class='ocrx_word' id='word_1_50' title='bbox 563 1573 673 1638; x_wconf 88' lang='lat' dir='ltr'>foedus</span> <span class='ocrx_word' id='word_1_51' title='bbox 697 1574 907 1638; x_wconf 86' lang='lat' dir='ltr'>Tarentinum</span> <span class='ocrx_word' id='word_1_52' title='bbox 930 1575 1029 1638; x_wconf 90' lang='lat' dir='ltr'>ictum</span> <span class='ocrx_word' id='word_1_53' title='bbox 1054 1577 1112 1650; x_wconf 76' lang='lat' dir='ltr'>cst.</span> <span class='ocrx_word' id='word_1_54' title='bbox 1137 1572 1209 1638; x_wconf 89' lang='lat' dir='ltr'>Sta-</span> 
     </span>
     <span class='ocr_line' id='line_1_9' title="bbox 194 1712 1209 1796; baseline -0.001 -21"><span class='ocrx_word' id='word_1_55' title='bbox 194 1713 253 1775; x_wconf 92' lang='lat' dir='ltr'>tim</span> <span class='ocrx_word' id='word_1_56' title='bbox 287 1717 364 1776; x_wconf 92' lang='lat' dir='ltr'>tunc</span> <span class='ocrx_word' id='word_1_57' title='bbox 401 1714 566 1778; x_wconf 89' lang='lat' dir='ltr'>Antonius</span> <span class='ocrx_word' id='word_1_58' title='bbox 596 1717 636 1777; x_wconf 88' lang='lat' dir='ltr'>ad</span> <span class='ocrx_word' id='word_1_59' title='bbox 667 1713 786 1777; x_wconf 90' lang='lat' dir='ltr'>bellum</span> <span class='ocrx_word' id='word_1_60' title='bbox 817 1712 1003 1776; x_wconf 92' lang='lat' dir='ltr'>Parthicum</span> <span class='ocrx_word' id='word_1_61' title='bbox 1037 1714 1209 1796; x_wconf 86' lang='lat' dir='ltr'>gerendum</span> 
     </span>
     <span class='ocr_line' id='line_1_10' title="bbox 194 1843 1208 1941; baseline 0 -25"><span class='ocrx_word' id='word_1_62' title='bbox 194 1854 354 1939; x_wconf 84' lang='lat' dir='ltr'>profectus</span> <span class='ocrx_word' id='word_1_63' title='bbox 385 1854 508 1938; x_wconf 80' lang='lat' dir='ltr'>Syriam</span> <span class='ocrx_word' id='word_1_64' title='bbox 546 1855 655 1939; x_wconf 81' lang='lat' dir='ltr'>attigit</span> <span class='ocrx_word' id='word_1_65' title='bbox 681 1856 865 1941; x_wconf 89' lang='lat' dir='ltr'>(auctumno</span> <span class='ocrx_word' id='word_1_66' title='bbox 892 1853 966 1936; x_wconf 79' lang='lat'>37),</span> <span class='ocrx_word' id='word_1_67' title='bbox 990 1843 1208 1936; x_wconf 90' lang='lat' dir='ltr'>quoarcessi-</span> 
     </span>
     <span class='ocr_line' id='line_1_11' title="bbox 193 1993 1208 2081; baseline 0.001 -24"><span class='ocrx_word' id='word_1_68' title='bbox 193 1998 247 2057; x_wconf 89' lang='lat' dir='ltr'>tae</span> <span class='ocrx_word' id='word_1_69' title='bbox 272 2016 326 2079; x_wconf 88' lang='lat' dir='ltr'>per</span> <span class='ocrx_word' id='word_1_70' title='bbox 348 1993 519 2058; x_wconf 81' lang='lat' dir='ltr'>Fonteium</span> <span class='ocrx_word' id='word_1_71' title='bbox 544 1993 730 2081; x_wconf 78' lang='lat' dir='ltr'>Cleopatrae</span> <span class='ocrx_word' id='word_1_72' title='bbox 753 1999 859 2080; x_wconf 86' lang='lat' dir='ltr'>partes</span> <span class='ocrx_word' id='word_1_73' title='bbox 882 1995 991 2079; x_wconf 84' lang='lat' dir='ltr'>Syriae</span> <span class='ocrx_word' id='word_1_74' title='bbox 1015 2000 1046 2059; x_wconf 91' lang='lat' dir='ltr'>et</span> <span class='ocrx_word' id='word_1_75' title='bbox 1070 1994 1208 2070; x_wconf 81' lang='lat' dir='ltr'>Ciliciae,</span> 
     </span>
     <span class='ocr_line' id='line_1_12' title="bbox 131 2132 1209 2220; baseline 0.001 -24"><span class='ocrx_word' id='word_1_76' title='bbox 131 2208 134 2214; x_wconf 24' lang='grc' dir='ltr'>Ι</span> <span class='ocrx_word' id='word_1_77' title='bbox 193 2136 297 2196; x_wconf 87' lang='lat' dir='ltr'>totam</span> <span class='ocrx_word' id='word_1_78' title='bbox 320 2132 477 2218; x_wconf 83' lang='lat' dir='ltr'>Cyprum,</span> <span class='ocrx_word' id='word_1_79' title='bbox 503 2138 626 2220; x_wconf 87' lang='lat' dir='ltr'>partem</span> <span class='ocrx_word' id='word_1_80' title='bbox 651 2135 789 2198; x_wconf 85' lang='lat' dir='ltr'>Arabiae</span> <span class='ocrx_word' id='word_1_81' title='bbox 813 2138 846 2198; x_wconf 90' lang='lat' dir='ltr'>et</span> <span class='ocrx_word' id='word_1_82' title='bbox 862 2135 997 2198; x_wconf 89' lang='lat' dir='ltr'>fortasse</span> <span class='ocrx_word' id='word_1_83' title='bbox 1017 2135 1112 2198; x_wconf 89' lang='lat' dir='ltr'>etiam</span> <span class='ocrx_word' id='word_1_84' title='bbox 1133 2133 1209 2199; x_wconf 91' lang='lat' dir='ltr'>Cre-</span> 
     </span>
     <span class='ocr_line' id='line_1_13' title="bbox 193 2273 1207 2357; baseline -0.001 -21"><span class='ocrx_word' id='word_1_85' title='bbox 193 2277 261 2336; x_wconf 87' lang='lat' dir='ltr'>tam</span> <span class='ocrx_word' id='word_1_86' title='bbox 296 2275 431 2357; x_wconf 83' lang='lat' dir='ltr'>largitus</span> <span class='ocrx_word' id='word_1_87' title='bbox 461 2280 518 2337; x_wconf 76' lang='lat' dir='ltr'>est,</span> <span class='ocrx_word' id='word_1_88' title='bbox 568 2273 665 2338; x_wconf 84' lang='lat' dir='ltr'>Anno</span> <span class='ocrx_word' id='word_1_89' title='bbox 691 2277 733 2339; x_wconf 79' lang='lat'>36</span> <span class='ocrx_word' id='word_1_90' title='bbox 757 2278 885 2338; x_wconf 91' lang='lat' dir='ltr'>demum</span> <span class='ocrx_word' id='word_1_91' title='bbox 909 2274 1142 2357; x_wconf 86' lang='lat' dir='ltr'>expeditionem</span> <span class='ocrx_word' id='word_1_92' title='bbox 1166 2274 1207 2335; x_wconf 93' lang='lat' dir='ltr'>il-</span> 
     </span>
     <span class='ocr_line' id='line_1_14' title="bbox 190 2413 1208 2507; baseline 0.001 -32"><span class='ocrx_word' id='word_1_93' title='bbox 190 2414 258 2476; x_wconf 90' lang='lat' dir='ltr'>lam</span> <span class='ocrx_word' id='word_1_94' title='bbox 288 2413 402 2476; x_wconf 91' lang='lat' dir='ltr'>infami</span> <span class='ocrx_word' id='word_1_95' title='bbox 432 2414 519 2476; x_wconf 83' lang='lat' dir='ltr'>exitu</span> <span class='ocrx_word' id='word_1_96' title='bbox 550 2414 698 2477; x_wconf 89' lang='lat' dir='ltr'>adversus</span> <span class='ocrx_word' id='word_1_97' title='bbox 730 2414 866 2477; x_wconf 89' lang='lat' dir='ltr'>Parthos</span> <span class='ocrx_word' id='word_1_98' title='bbox 898 2414 1051 2507; x_wconf 82' lang='lat' dir='ltr'>suscepit,</span> <span class='ocrx_word' id='word_1_99' title='bbox 1084 2436 1122 2476; x_wconf 87' lang='lat' dir='ltr'>ex</span> <span class='ocrx_word' id='word_1_100' title='bbox 1145 2435 1208 2497; x_wconf 92' lang='lat' dir='ltr'>qua</span> 
     </span>
     <span class='ocr_line' id='line_1_15' title="bbox 191 2553 1208 2637; baseline 0 -21"><span class='ocrx_word' id='word_1_101' title='bbox 191 2555 363 2636; x_wconf 85' lang='lat' dir='ltr'>postquam</span> <span class='ocrx_word' id='word_1_102' title='bbox 394 2556 503 2618; x_wconf 85' lang='lat' dir='ltr'>tamen</span> <span class='ocrx_word' id='word_1_103' title='bbox 532 2555 600 2637; x_wconf 93' lang='lat' dir='ltr'>ipse</span> <span class='ocrx_word' id='word_1_104' title='bbox 631 2555 798 2617; x_wconf 92' lang='lat' dir='ltr'>incolumis</span> <span class='ocrx_word' id='word_1_105' title='bbox 819 2554 939 2630; x_wconf 85' lang='lat' dir='ltr'>evasit,</span> <span class='ocrx_word' id='word_1_106' title='bbox 964 2553 1000 2617; x_wconf 90' lang='lat' dir='ltr'>L.</span> <span class='ocrx_word' id='word_1_107' title='bbox 1027 2553 1208 2617; x_wconf 89' lang='lat' dir='ltr'>Munatium</span> 
     </span>
     <span class='ocr_line' id='line_1_16' title="bbox 191 2691 1209 2777; baseline -0.004 -21"><span class='ocrx_word' id='word_1_108' title='bbox 191 2691 347 2756; x_wconf 91' lang='lat' dir='ltr'>Plancum</span> <span class='ocrx_word' id='word_1_109' title='bbox 380 2694 408 2756; x_wconf 95' lang='lat' dir='ltr'>ei</span> <span class='ocrx_word' id='word_1_110' title='bbox 435 2693 544 2776; x_wconf 89' lang='lat' dir='ltr'>Syriae</span> <span class='ocrx_word' id='word_1_111' title='bbox 579 2694 680 2776; x_wconf 88' lang='lat' dir='ltr'>parti,</span> <span class='ocrx_word' id='word_1_112' title='bbox 716 2709 811 2777; x_wconf 87' lang='lat' dir='ltr'>quam</span> <span class='ocrx_word' id='word_1_113' title='bbox 847 2692 1033 2777; x_wconf 89' lang='lat' dir='ltr'>Cleopatrae</span> <span class='ocrx_word' id='word_1_114' title='bbox 1064 2712 1130 2753; x_wconf 91' lang='lat' dir='ltr'>non</span> <span class='ocrx_word' id='word_1_115' title='bbox 1156 2692 1209 2753; x_wconf 90' lang='lat' dir='ltr'>da·</span> 
     </span>
     <span class='ocr_line' id='line_1_17' title="bbox 191 2830 1208 2917; baseline -0.004 -21"><span class='ocrx_word' id='word_1_116' title='bbox 191 2835 301 2916; x_wconf 80' lang='lat' dir='ltr'>derat,</span> <span class='ocrx_word' id='word_1_117' title='bbox 343 2832 494 2916; x_wconf 88' lang='lat' dir='ltr'>praefecit</span> <span class='ocrx_word' id='word_1_118' title='bbox 529 2836 656 2897; x_wconf 88' lang='lat' dir='ltr'>auctore</span> <span class='ocrx_word' id='word_1_119' title='bbox 693 2832 850 2917; x_wconf 84' lang='lat' dir='ltr'>Appiana.</span> <span class='ocrx_word' id='word_1_120' title='bbox 899 2832 939 2894; x_wconf 94' lang='lat' dir='ltr'>ln</span> <span class='ocrx_word' id='word_1_121' title='bbox 974 2830 1068 2894; x_wconf 92' lang='lat' dir='ltr'>huius</span> <span class='ocrx_word' id='word_1_122' title='bbox 1103 2831 1208 2894; x_wconf 91' lang='lat' dir='ltr'>locum</span> 
     </span>
     <span class='ocr_line' id='line_1_18' title="bbox 191 2970 1209 3058; baseline -0.005 -21"><span class='ocrx_word' id='word_1_123' title='bbox 191 2975 230 3037; x_wconf 82' lang='lat' dir='ltr'>L.</span> <span class='ocrx_word' id='word_1_124' title='bbox 258 2970 450 3058; x_wconf 89' lang='lat' dir='ltr'>Calpurnius</span> <span class='ocrx_word' id='word_1_125' title='bbox 473 2970 607 3035; x_wconf 90' lang='lat' dir='ltr'>Bibulus</span> <span class='ocrx_word' id='word_1_126' title='bbox 630 2973 812 3056; x_wconf 87' lang='lat' dir='ltr'>successisse</span> <span class='ocrx_word' id='word_1_127' title='bbox 829 2972 961 3035; x_wconf 71' lang='lat' dir='ltr'>uidetur.</span> <span class='ocrx_word' id='word_1_128' title='bbox 994 2970 1076 3033; x_wconf 81' lang='lat' dir='ltr'>Eum</span> <span class='ocrx_word' id='word_1_129' title='bbox 1096 2971 1209 3034; x_wconf 84' lang='lat' dir='ltr'>deinde</span> 
     </span>
     <span class='ocr_line' id='line_1_19' title="bbox 191 3105 1208 3196; baseline -0.009 -20"><span class='ocrx_word' id='word_1_130' title='bbox 191 3115 321 3190; x_wconf 89' lang='lat' dir='ltr'>secutus</span> <span class='ocrx_word' id='word_1_131' title='bbox 352 3117 399 3175; x_wconf 88' lang='lat' dir='ltr'>est</span> <span class='ocrx_word' id='word_1_132' title='bbox 430 3110 466 3186; x_wconf 79' lang='lat' dir='ltr'>Q.</span> <span class='ocrx_word' id='word_1_133' title='bbox 497 3110 610 3174; x_wconf 90' lang='lat' dir='ltr'>Didius</span> <span class='ocrx_word' id='word_1_134' title='bbox 633 3110 812 3196; x_wconf 84' lang='lat' dir='ltr'>praefectus</span> <span class='ocrx_word' id='word_1_135' title='bbox 837 3107 997 3184; x_wconf 89' lang='lat' dir='ltr'>Caesaris,</span> <span class='ocrx_word' id='word_1_136' title='bbox 1021 3108 1076 3191; x_wconf 92' lang='lat' dir='ltr'>qui</span> <span class='ocrx_word' id='word_1_137' title='bbox 1100 3105 1208 3189; x_wconf 79' lang='lat' dir='ltr'>Syriae</span> 
     </span>
     <span class='ocr_line' id='line_1_20' title="bbox 191 3250 764 3339; baseline -0.005 -23"><span class='ocrx_word' id='word_1_138' title='bbox 191 3253 391 3339; x_wconf 91' lang='lat' dir='ltr'>praepositus</span> <span class='ocrx_word' id='word_1_139' title='bbox 414 3252 578 3316; x_wconf 88' lang='lat' dir='ltr'>invenitur</span> <span class='ocrx_word' id='word_1_140' title='bbox 602 3272 686 3314; x_wconf 91' lang='lat' dir='ltr'>anno</span> <span class='ocrx_word' id='word_1_141' title='bbox 712 3250 764 3315; x_wconf 88' lang='lat'>31.</span> 
     </span>
    </p>

    <p class='ocr_par' dir='ltr' id='par_1_3' title="bbox 242 3377 1316 3484">
     <span class='ocr_line' id='line_1_21' title="bbox 242 3377 1316 3484; baseline -0.005 -28"><span class='ocrx_word' id='word_1_142' title='bbox 242 3391 271 3455; x_wconf 81' lang='grc'>7.</span> <span class='ocrx_word' id='word_1_143' title='bbox 296 3389 344 3456; x_wconf 88' lang='lat' dir='ltr'>De</span> <span class='ocrx_word' id='word_1_144' title='bbox 366 3390 472 3456; x_wconf 77' lang='lat' dir='ltr'>Cretae</span> <span class='ocrx_word' id='word_1_145' title='bbox 502 3377 740 3476; x_wconf 77' lang='lat' dir='ltr'>Cyrerrolcocquc</span> <span class='ocrx_word' id='word_1_146' title='bbox 760 3390 955 3476; x_wconf 88' lang='lat' dir='ltr'>praesidibus</span> <span class='ocrx_word' id='word_1_147' title='bbox 969 3389 1050 3453; x_wconf 93' lang='lat' dir='ltr'>nihil</span> <span class='ocrx_word' id='word_1_148' title='bbox 1059 3390 1208 3454; x_wconf 88' lang='lat' dir='ltr'>traditur.</span> <span class='ocrx_word' id='word_1_149' title='bbox 1313 3477 1316 3484; x_wconf 29' lang='grc' dir='ltr'>Ι</span> 
     </span>
    </p>
   </div>
   <div class='ocr_carea' id='block_1_3' title="bbox 190 3529 1208 3617">
    <p class='ocr_par' dir='ltr' id='par_1_4' title="bbox 190 3529 1208 3617">
     <span class='ocr_line' id='line_1_22' title="bbox 190 3529 1208 3617; baseline -0.006 -20"><span class='ocrx_word' id='word_1_150' title='bbox 190 3535 318 3597; x_wconf 82' lang='lat' dir='ltr'>Cretam</span> <span class='ocrx_word' id='word_1_151' title='bbox 334 3531 519 3617; x_wconf 85' lang='lat' dir='ltr'>Cleopatrae</span> <span class='ocrx_word' id='word_1_152' title='bbox 532 3531 624 3593; x_wconf 87' lang='lat' dir='ltr'>uxori</span> <span class='ocrx_word' id='word_1_153' title='bbox 636 3529 800 3592; x_wconf 82' lang='lat' dir='ltr'>Antonius</span> <span class='ocrx_word' id='word_1_154' title='bbox 813 3529 933 3592; x_wconf 90' lang='lat' dir='ltr'>dedisse</span> <span class='ocrx_word' id='word_1_155' title='bbox 946 3529 1072 3592; x_wconf 89' lang='lat' dir='ltr'>videtur</span> <span class='ocrx_word' id='word_1_156' title='bbox 1087 3531 1126 3611; x_wconf 83' lang='lat' dir='ltr'>(a.</span> <span class='ocrx_word' id='word_1_157' title='bbox 1142 3529 1208 3612; x_wconf 81' lang='lat'>36),</span> 
     </span>
    </p>
   </div>
   <div class='ocr_carea' id='block_1_4' title="bbox 189 3666 1209 3754">
    <p class='ocr_par' dir='ltr' id='par_1_5' title="bbox 189 3666 1209 3754">
     <span class='ocr_line' id='line_1_23' title="bbox 189 3666 1209 3754; baseline -0.006 -19"><span class='ocrx_word' id='word_1_158' title='bbox 189 3669 401 3752; x_wconf 88' lang='lat' dir='ltr'>Cyrenaieam</span> <span class='ocrx_word' id='word_1_159' title='bbox 446 3668 634 3754; x_wconf 88' lang='lat' dir='ltr'>Cleopatrae</span> <span class='ocrx_word' id='word_1_160' title='bbox 677 3668 761 3732; x_wconf 87' lang='lat' dir='ltr'>filiae</span> <span class='ocrx_word' id='word_1_161' title='bbox 795 3691 870 3732; x_wconf 89' lang='lat' dir='ltr'>suae</span> <span class='ocrx_word' id='word_1_162' title='bbox 913 3668 1101 3730; x_wconf 87' lang='lat' dir='ltr'>concessisse</span> <span class='ocrx_word' id='word_1_163' title='bbox 1144 3666 1209 3730; x_wconf 89' lang='lat' dir='ltr'>veri</span> 
     </span>
    </p>
   </div>
   <div class='ocr_carea' id='block_1_5' title="bbox 186 3808 377 3874">
    <p class='ocr_par' dir='ltr' id='par_1_6' title="bbox 186 3808 377 3874">
     <span class='ocr_line' id='line_1_24' title="bbox 186 3808 377 3874; baseline -0.005 0"><span class='ocrx_word' id='word_1_164' title='bbox 186 3808 294 3874; x_wconf 91' lang='lat' dir='ltr'>simile</span> <span class='ocrx_word' id='word_1_165' title='bbox 321 3811 377 3873; x_wconf 90' lang='lat' dir='ltr'>est.</span> 
     </span>
    </p>
   </div>
   <div class='ocr_carea' id='block_1_6' title="bbox 609 4011 782 4022">
    <p class='ocr_par' dir='ltr' id='par_1_7' title="bbox 609 4011 782 4022">
     <span class='ocr_line' id='line_1_25' title="bbox 609 4011 782 4022; baseline -0.006 -2"><span class='ocrx_word' id='word_1_166' title='bbox 609 4011 782 4022; x_wconf 71' lang='grc'>-.--.--.</span> 
     </span>
    </p>
   </div>
   <div class='ocr_carea' id='block_1_7' title="bbox 0 0 1556 5084">
    <p class='ocr_par' dir='ltr' id='par_1_8' title="bbox 0 0 1556 5084">
     <span class='ocr_line' id='line_1_26' title="bbox 0 0 1556 5084; baseline 0 0"><span class='ocrx_word' id='word_1_167' title='bbox 0 0 1556 5084; x_wconf 95' lang='lat' dir='ltr'> </span> 
     </span>
    </p>
   </div>
  </div>
 </body>
</html>
