3106 5086
687 478 725 542 17

202 714 367 779 victoriam
402 715 471 778 loco
495 735 590 799 supra
614 716 773 799 descripto
798 716 873 778 satis
897 736 954 798 pro
978 736 1033 777 suo
1058 715 1215 778 arbitratu

201 856 366 940 neglecto,
408 855 694 939 supplicationibus
730 854 851 936 optimo
886 854 952 916 iure
989 852 1214 916 salutationem

201 997 437 1080 imperatoriam
461 996 594 1078 adiungi
614 995 740 1059 solitam
760 1017 842 1071 esse,
864 1015 913 1056 res
932 998 1076 1076 posceret
1094 999 1131 1057 ut
1150 999 1217 1058 tam

201 1139 333 1219 propter
367 1135 503 1219 primam
527 1156 623 1217 quam
646 1137 778 1218 propter
800 1133 932 1197 alteram
956 1095 1121 1196 victoriam
1145 1133 1216 1198 An-

203 1276 308 1339 tonius
339 1295 395 1368 suo
428 1273 550 1337 nomini
572 1273 701 1338 titulum
725 1273 925 1356 imperatoris
948 1274 1079 1336 adderet
1107 1275 1216 1357 (quam

204 1437 275 1479 cum
307 1415 463 1479 rationem
495 1412 690 1497 Borghesius
722 1433 788 1476 non
823 1413 947 1488 inierit,
982 1413 1042 1477 sibi
1073 1417 1218 1478 constare

205 1576 270 1618 non
294 1555 442 1639 videtur).
479 1552 540 1617 Sed
563 1575 602 1616 ex
624 1553 701 1636 ipsis
725 1553 864 1615 nummis
887 1554 1123 1617 demonstratur
1146 1553 1216 1617 An-

204 1699 347 1773 tonium,
380 1697 432 1760 cui
462 1696 511 1759 bis
541 1698 628 1758 intra
659 1687 781 1758 biennii
806 1695 944 1778 spatium
969 1694 1217 1778 supplicationes

203 1835 345 1898 decretae
367 1839 461 1909 sunt,
481 1834 577 1896 semel
594 1835 816 1915 imperatorem
828 1855 893 1896 esse
905 1833 1088 1897 salutatum.
1113 1833 1218 1908 Quid?

204 1993 311 2072 nonne
335 1971 479 2034 omnium
502 1970 688 2034 facillimum
708 1971 846 2054 probatu
858 1976 915 2036 'est
934 1973 1138 2056 imperatorio
1159 1995 1218 2036 no·

204 2112 290 2175 mine
320 2114 449 2194 accepto
479 2133 543 2174 non
573 2132 695 2195 semper
725 2111 972 2195 supplicationes
1000 2134 1126 2196 quoque
1149 2113 1218 2177 fieri

162 2299 167 2303 ι
204 2252 313 2316 solitas
343 2251 455 2329 fuisse,
481 2273 553 2315 cum
578 2273 617 2315 ex
640 2253 849 2314 monumento
873 2250 1047 2336 Ancyrano
1063 2256 1086 2337 ¹)
1110 2257 1219 2337 pateat

204 2392 352 2477 Augusto
376 2393 610 2477 quinquagiens
634 2392 698 2476 (vel
721 2393 946 2478 quadragiens)
971 2397 1004 2456 ct
1026 2394 1219 2478 quinquiens

205 2532 451 2618 supplicationes
474 2555 541 2596 esse
565 2533 721 2608 decretas,
746 2532 821 2595 licet
843 2532 939 2596 semel
963 2535 1090 2596 tantum
1115 2535 1148 2597 et
1171 2534 1219 2597 vi-

205 2675 290 2770 ciens
321 2672 525 2757 imperatorio
557 2673 678 2736 honore
709 2677 819 2736 auctus
850 2673 892 2735 sit
905 2671 941 2756 ²).
990 2671 1137 2736 Ceterum
1161 2673 1222 2735 hac

206 2836 331 2899 quoque
362 2816 401 2877 de
432 2835 526 2877 causa
557 2812 736 2876 Antonium
769 2833 887 2875 nomen
916 2812 1116 2895 imperatoris
1148 2817 1224 2895 post

206 2956 342 3038 primam
375 2953 521 3018 Ventidii
552 2953 719 3017 victoriam
752 2974 818 3015 non
850 2953 1006 3037 accepisse
1032 2953 1098 3017 veri
1121 2953 1225 3017 simile

207 3097 271 3170 est,
304 3094 408 3178 quod,
440 3070 472 3156 si
499 3115 547 3156 res
575 3113 641 3155 sese
664 3092 711 3154 ita
734 3091 882 3166 haberet,
908 3092 971 3154 iam
995 3093 1090 3156 tertia
1113 3093 1223 3175 appel-

208 3235 285 3297 latio
321 3234 360 3296 ad
396 3233 528 3296 alteram
564 3231 709 3296 Ventidii
744 3231 910 3294 victoriam
944 3230 1107 3295 referenda
1138 3238 1224 3312 erat,

211 3377 414 3459 quodquam
439 3395 458 3436 a
481 3393 556 3436 vero
580 3361 750 3438 abhorreat
773 3393 870 3454 supra
894 3373 1144 3437 demonstratum
1168 3381 1224 3438 est.

213 3513 262 3578 Ex
291 3514 342 3608 his
373 3513 522 3576 omnibus
545 3512 680 3576 efficitur
703 3487 884 3575 Antonium
907 3513 984 3596 imp.
1011 3513 1045 3577 Π
1070 3536 1136 3578 esse
1161 3515 1229 3578 fac-

213 3661 282 3718 tum
317 3656 448 3737 propter
480 3653 651 3715 secundam
667 3653 694 3736 ³)
727 3650 872 3715 Ventidii
896 3650 1078 3716 Parthicam
1102 3654 1232 3718 victori-

214 3819 394 3832 ——--—-

247 3911 272 3969 1)
292 3910 340 3957 Res
357 3913 436 3973 gestae
454 3908 510 3956 Divi
528 3907 629 3971 Augusti
649 3909 685 3955 ed.
705 3908 839 3956 Mommsen
857 3924 879 3971 p.
899 3909 994 3956 XXXII
1014 3925 1073 3958 vers.
1092 3911 1131 3968 ΞΕ,
1147 3911 1186 3959 26.
1205 3912 1235 3959 cf.

213 3995 344 4041 Commeat.
363 4009 387 4056 p.
406 3993 444 4039 11.

248 4077 274 4137 2)
291 4075 366 4124 Tacit.
385 4077 446 4124 Anu.
467 4075 493 4131 1,
513 4075 537 4121 9.
642 4075 667 4132 3)
685 4073 715 4120 cs.
734 4072 806 4120 ctiam
823 4072 915 4121 dissert.
934 4090 987 4136 pag.
1005 4075 1043 4123 65.

1116 4157 1132 4205 2
