3106 5086
713 491 754 554 76

271 726 340 792 Hos
359 727 505 791 denarios
523 727 657 792 arctiore
678 727 816 810 quodam
829 727 957 791 vinoulo
968 748 1066 810 quem
1078 726 1146 790 solo
1160 729 1251 790 tem-

225 864 311 948 poris
346 886 505 929 connexos
536 887 620 943 esse,
636 867 770 950 -speoies
794 887 903 930 eorum
925 866 1086 930 simillima
1110 888 1253 951 arguere

226 1004 369 1082 videtum
394 1028 457 1089 qua
481 1007 519 1069 de
542 1026 638 1070 eausa
662 1027 714 1071 eos
738 1006 833 1070 simul
852 1007 887 1070 in
908 1007 1126 1090 quaestionem
1147 1029 1252 1072 voea-

227 1145 348 1224 bimus‚
381 1145 474 1210 huius
505 1145 721 1211 similitudinis
748 1135 894 1224 oausam,
921 1152 1079 1232 quantum
1105 1150 1250 1232 poterit,

226 1287 410 1372 quaesituri.
457 1287 566 1371 Atque
589 1287 727 1371 primum
752 1288 880 1372 quidem
902 1309 940 1351 ex
963 1288 1017 1364 iis,
1042 1308 1123 1370 quae
1146 1309 1252 1372 supra

227 1423 373 1503 diximus,
398 1427 474 1490 satis
494 1431 627 1510 apparet
645 1430 816 1511 utrumque
832 1428 996 1492 denarium
1014 1427 1251 1512 assignandum

136 1561 141 1567 ’
227 1586 293 1630 esse
311 1566 405 1630 annis
426 1568 468 1631 33
482 1567 532 1630 vel
546 1568 605 1645 32,
618 1568 770 1651 quoniam
783 1565 948 1650 Antonius
961 1588 1023 1632 eos.
1037 1569 1101 1632 des.
1115 1568 1169 1632 III
1183 1567 1251 1632 luit

227 1713 300 1793 post
322 1708 506 1772 consulatus
529 1709 677 1787 secundi,
702 1712 777 1774 ante
799 1709 983 1774 consulatus
1002 1711 1089 1774 tertii
1109 1732 1250 1777 annum.

228 1846 369 1926 Deinde,
394 1849 420 1912 si
442 1853 481 1913 de
504 1849 573 1914 loeo
597 1850 777 1934 quaerimus
801 1851 855 1914 ubi
879 1851 1026 1915 malleum
1050 1852 1252 1916 monetalem

229 1990 350 2075 experti
381 1990 463 2074 sint,
496 1991 581 2054 haud
604 1992 679 2056 seio
710 2014 751 2055 an
782 1992 947 2076 probabile
976 1961 1018 2056 sit
1041 2014 1094 2056 eos
1117 2014 1154 2056 ex
1180 2016 1252 2057 una

138 2187 141 2193 .
228 2134 402 2215 eademque
422 2131 549 2196 officina
568 2131 730 2215 prodiisse,
751 2154 824 2195 eum
841 2133 1135 2209 autemdenarium,
1147 2155 1250 2216 quem

229 2273 367 2336 seeundo
397 2272 467 2336 loeo
498 2271 607 2355 posui,
640 2293 750 2336 ousum
773 2293 840 2336 esse
863 2274 936 2356 post
960 2271 1103 2336 alterum.
1152 2272 1250 2336 Haeo

150 2405 152 2410 ’
228 2414 296 2476 iure
330 2411 404 2475 hinc
440 2410 588 2494 colligere
622 2411 702 2474 mihi
733 2412 861 2477 videor:
885 2415 1055 2497 postquam
1079 2413 1250 2478 Antonius

228 2553 347 2617 bellum
380 2552 528 2616 adversus
556 2550 721 2616 Caesarem
750 2575 867 2636 parans
896 2554 1008 2618 Patras
1032 2555 1072 2617 ad
1095 2554 1249 2618 hieman—
1298 2591 1300 2594 ·

135 2777 142 2788 .
229 2693 305 2756 dum
329 2715 362 2757 se
386 2693 523 2757 eontulit
548 2693 628 2777 (sub.
655 2692 708 2755 fin.
737 2693 814 2756 anni
840 2694 905 2777 32),
932 2694 1248 2777 complureseorum,

228 2833 283 2916 qui
312 2835 353 2896 ad
387 2832 419 2894 id
454 2834 578 2915 tempus
612 2812 679 2894 eius
710 2831 803 2895 rebus
840 2831 1001 2908 faverant,
1034 2831 1137 2895 Patris
1170 2855 1249 2898 eum

227 2972 450 3053 deseruerunt,
474 2970 559 3033 inter
582 2991 660 3053 quos
681 2969 724 3033 M.
748 2969 892 3034 Silanum
917 2973 1060 3034 nostrum
1085 2971 1183 3036 fuisse
1208 2997 1249 3037 ex

228 3108 401 3174 Plutaroho
419 3113 441 3196 ¹)
464 3114 608 3194 constat3
633 3112 665 3173 id
689 3114 794 3173 autem
819 3109 938 3174 foetum
964 3131 1032 3174 esse
1055 3109 1149 3173 debet
1169 3132 1249 3195 pos-

228 3251 342 3314 teriore
372 3252 449 3314 anni
482 3253 524 3315 32
555 3254 655 3334 parte.
703 3251 834 3315 Gonioio
866 3252 1011 3334 equidem
1044 3255 1116 3334 post
1142 3249 1250 3317 Silani
1326 3233 1333 3243 ¹

230 3391 402 3454 dissessum
434 3390 614 3454 Antonium
646 3390 704 3455 hos
737 3391 882 3455 denarios
913 3395 1024 3456 oudere
1056 3391 1250 3472 non-inter-

229 3533 369 3614 misisse,
404 3532 456 3595 sed
490 3533 627 3595 eiusdem
651 3531 828 3595 commatis.
842 3532 1016 3615 signandos
1040 3553 1164 3596 curasse
1188 3556 1250 3599 suo

228 3675 357 3736 tantum
392 3693 449 3755 pro
486 3671 588 3736 Silani
623 3670 751 3735 nomine
786 3671 901 3755 posito.
957 3669 1037 3745 Quia
1069 3673 1103 3735 id
1138 3675 1249 3738 autem

228 3831 377 3895 praesens
408 3808 511 3874 faeere
547 3809 672 3885 debuit,
704 3810 799 3873 etiam
825 3814 964 3874 statuere
988 3814 1088 3902 audeo
1113 3813 1152 3875 ab
1176 3812 1250 3898 ipso

262 4117 289 4182 1>
305 4114 371 4165 Plut.
388 4113 413 4161 in
431 4111 473 4160 vit.
491 4112 548 4159 Ant.
565 4126 585 4158 o.
604 4110 643 4158 59.
