3106 5086
834 471 854 533 4

335 710 470 776 Senatus
493 731 571 773 coss
596 713 710 793 prsett.
735 711 832 775 tribb.
857 711 901 794 pl.
925 712 1045 796 iisque,
1070 714 1126 796 qui
1137 697 1346 797 proconsules

334 853 375 914 ad
398 850 508 913 urbem
532 851 642 927 erent,
668 850 833 934 negotium
854 851 959 934 dedit,
983 853 1020 914 ut
1042 853 1190 915 curarent
1213 851 1346 934 nequid

333 989 532 1089 detrimenti*
549 1011 629 1073 resp.
659 992 786 1073 cuperet
810 985 846 1069 ¹).
894 989 934 1052 In
969 1008 1031 1072 quo
1068 1007 1201 1051 numero
1236 985 1346 1052 Cicero

332 1129 394 1194 fuit
417 1127 454 1213 ²),
479 1131 511 1192 ct
534 1129 657 1193 duobus
680 1129 776 1207 locis,
800 1151 879 1212 quos
902 1128 987 1192 infre
1005 1127 1196 1205 memoravi,
1215 1146 1346 1211 compa·-

330 1268 408 1331 rutis
442 1266 690 1362 luculentissime
724 1267 847 1352 patebit
888 1268 1112 1351 imperatorem
1149 1289 1215 1330 esse
1250 1267 1345 1330 simul

331 1407 563 1493 proconsulem.
612 1407 692 1472 Cum
723 1408 824 1493 igitur
848 1407 957 1474 Oicero
981 1431 997 1472 e
1021 1430 1078 1472 sua
1100 1407 1265 1492 provincia
1290 1409 1345 1471 de-

331 1515 470 1626 cederet,
505 1548 673 1632 imperium
708 1569 774 1612 non
809 1548 973 1632 deposuit,
1005 1548 1059 1612 sed
1091 1550 1132 1610 ud
1162 1548 1194 1612 id
1219 1550 1345 1632 tempus

331 1689 481 1768 retinuit,
507 1711 570 1774 quo
588 1689 699 1754 urbem
722 1690 884 1774 ingressus
908 1694 974 1768 est,
999 1690 1117 1774 quippe
1141 1690 1227 1753 intre
1247 1713 1344 1774 quam

330 1829 404 1894 finis
427 1834 508 1894 esset
526 1828 659 1913 imperio
679 1829 819 1892 militari.
868 1828 929 1893 Sed
948 1829 1111 1894 videamus
1134 1830 1286 1913 quamdiu
1310 1831 1344 1894 id
1377 1871 1381 1876 -

330 1970 499 2055 imperium
521 1972 554 2033 et
575 1969 669 2033 simul
693 1991 811 2034 nomen
830 1969 1030 2053 imperatoris
1054 1969 1240 2034 obtinuerit.
1276 1971 1343 2034 Im-

328 2111 522 2195 peratorium
554 2130 671 2173 nomen
703 2131 775 2174 cum
808 2132 863 2173 suo
889 2109 1017 2173 nomine
1042 2131 1078 2173 eo
1103 2113 1245 2194 tempore
1269 2112 1343 2175 iun·

329 2251 425 2334 gebat
451 2250 584 2314 testibus
614 2248 724 2312 multis
756 2209 899 2331 epistulis
925 2247 959 2331 3).
1007 2247 1051 2310 Et
1081 2270 1274 2332 quemquam
1304 2271 1343 2312 ex

328 2392 471 2471 tempore
490 2391 564 2471 post
589 2410 608 2451 a
646 2389 677 2452 d.
702 2387 769 2451 XV.
798 2387 870 2450 Kal.
895 2387 968 2450 Mei.
996 2388 1074 2451 enni
1097 2389 1140 2452 49
1165 2388 1255 2452 nulle
1286 2410 1340 2452 ex-

328 2532 393 2593 stat
425 2527 578 2612 epistula,
609 2527 660 2590 cui
693 2527 941 2610 superscriptum
972 2530 1038 2590 est:
1071 2525 1204 2593 »Cicero
1228 2529 1341 2613 imp.”‚

326 2672 435 2732 tamen
460 2669 553 2732 focile
576 2668 798 2732 demonstratu
821 2669 869 2730 est
892 2663 1077 2731 Ciceronem
1101 2668 1168 2730 tum
1189 2668 1222 2729 et
1238 2665 1340 2750 impe·

323 2813 464 2873 retorem
488 2811 520 2872 et
542 2807 763 2892 proconsulem
787 2805 894 2870 fuisse.
942 2805 1021 2870 Post
1043 2827 1185 2890 pugnem
1204 2805 1340 2870 Pharsa-

326 2952 420 3014 licum
441 2947 585 3013 Ciceroni
612 2970 685 3011 cum
711 2946 852 3030 reliquiis
870 2947 1010 3029 partium
1029 2946 1233 3029 optimatium
1254 2946 1338 3030 Dyr-

358 3270 383 3331 I)
412 3270 476 3316 Caes.
496 3268 527 3314 Β.“
543 3267 570 3314 G.
590 3267 616 3323 I,
636 3267 657 3315 5.

358 3352 385 3415 2)
411 3349 460 3396 Cic.
479 3349 508 3395 ad
525 3348 591 3395 Fam.
610 3347 676 3394 XVI.
696 3347 741 3403 11,
752 3347 778 3394 3:
793 3344 917 3402 1111101111,
929 3345 1088 3408 quiprocoss.
1098 3340 1208 3403 sumus”·,
1222 3357 1267 3406 pro
1276 3343 1335 3407 Reg.

324 3434 401 3482 Deiot.
420 3431 469 3488 IV,
489 3430 531 3478 II:
554 3427 635 3477 anobis
652 3424 859 3492 imperatoribus'’.
894 3427 960 3474 Adde
978 3427 1006 3474 ad
1024 3427 1075 3473 Au.
1094 3424 1232 3484 v11,7.4.
1252 3427 1336 3476 „audIo

322 3515 482 3564 constitutum
507 3527 556 3559 esse
580 3509 742 3573 Pompeio...
768 3509 794 3556 in
820 3507 929 3556 Ciuilium
955 3523 992 3556 me
1010 3507 1126 3575 mr'ttere,¹
1136 3509 1199 3572 quod
1215 3508 1336 3571 imperium

322 3600 433 3648 habeam.
446 3633 469 3644 ..
493 3595 577 3656 Itaque
594 3593 613 3640 si
631 3593 675 3639 hoc
694 3591 821 3654 imperium
838 3589 899 3638 mihi
915 3589 1041 3639 molestum
1058 3590 1116 3650 erit,
1136 3593 1192 3639 utar
1208 3608 1235 3640 ea
1252 3594 1333 3655 porta,

246 3673 247 3676 ¹
321 3696 391 3744 quam
417 3677 521 3742 primum
546 3673 654 3722 videro”.
690 3673 772 3720 Cicero
798 3673 827 3720 ad
849 3670 932 3721 urbem
955 3676 1063 3722 moratur
1088 3689 1128 3738 spe
1144 3674 1276 3738 triumphi,
1296 3675 1335 3722 sed

321 3762 341 3809 si
367 3759 495 3823 imperium
521 3757 543 3804 ci
560 3756 686 3805 molestum
711 3755 821 3803 futurum
846 3754 905 3812 erit,
931 3770 972 3818 spe
995 3755 1114 3820 triumphi
1137 3756 1234 3804 remissa
1253 3755 1335 3804 urbem

320 3843 325 3854 “
357 3840 427 3889 rabit.

319 3844 383 3989 ΙῙΙῐ3)
412 3924 439 3970 ad
465 3924 524 3970 Att.⁴
545 3921 628 3979 VIII,
654 3921 693 3968 11.
719 3921 749 3979 Α,
777 3920 806 3978 Β,
826 3918 854 3978 0,
872 3921 906 3978 1);
928 3919 1328 3978 Ix.14A;suram.11,1o;

322 4009 350 4055 ad
376 4008 426 4054 Att.
455 4004 504 4063 IX,
526 4006 561 4052 15.
582 4005 611 4052 B.
630 4018 690 4066 quae
708 4017 788 4051 omnes
805 4005 861 4051 sunt
876 4019 904 4051 cx
921 4005 1035 4068 quattuor
1050 4002 1170 4068 prioribus
1187 4003 1258 4053 hulus
1276 4003 1333 4052 unni

318 4087 443 4136 mensibus.
