3106 5086
838 471 857 532 2

335 710 410 793 imp.
442 709 494 786 ΙΙ,
517 709 595 793 imp.
620 711 690 788 111,
715 712 791 795 imp.
816 712 886 776 IIII
910 714 1021 778 titulos
1047 714 1217 798 impressos
1241 719 1349 780 osten—

335 849 429 926 dant,
456 849 586 913 maximi
610 851 764 915 momenti
788 855 836 916 est
860 853 1045 936 cognovisse
1069 855 1196 938 quando
1218 851 1263 928 M.
1276 851 1349 915 An-

334 989 442 1054 tonius
461 1011 716 1075 unamquamque
737 991 850 1056 harum
868 993 1118 1076 appellationum
1131 993 1349 1077 assumpserit.

334 1127 383 1194 Ac
413 1151 454 1192 ne
489 1128 560 1211 quis
583 1130 715 1196 miretur
739 1152 790 1194 me
814 1130 910 1195 etiam
933 1135 1008 1215 post
1030 1131 1241 1216 Borghesium
1265 1132 1350 1196 hanc

334 1269 379 1334 rsi
411 1270 606 1334 nummariae
637 1273 761 1355 partem
793 1271 1027 1335 retractandam
1057 1271 1137 1336 mihi
1160 1273 1346 1356 sumpsisse;
1389 1261 1391 1264 ⁵

333 1431 446 1493 parum
470 1409 555 1473 enirn
576 1409 630 1474 ille
653 1410 846 1474 intellexisse
868 1409 933 1475 vim
958 1411 1181 1494 imperatoriae
1205 1412 1348 1496 appella·

333 1549 431 1614 tionis
469 1549 611 1633 falsaque
646 1550 698 1615 via
734 1570 919 1634 progressus
953 1550 1108 1634 quaedam
1142 1549 1229 1615 haud
1263 1554 1349 1615 recte

334 1690 535 1755 constituisse
564 1690 643 1754 mihi
674 1690 808 1754 videtur.
857 1688 937 1754 (lum
965 1693 1072 1754 autem
1095 1691 1242 1755 vidissem
1264 1692 1348 1757 viros

333 1830 496 1894 doctrinae
526 1830 722 1914 praestantia
752 1828 896 1912 insignes
920 1827 1105 1912 opinionem
1131 1851 1149 1892 a
1171 1828 1346 1914 Borghosio

332 1971 489 2055 prolatam
523 1972 686 2053 tamquam
729 1990 836 2033 veram
881 1969 1042 2053 amplexos
1086 1990 1170 2046 esse,
1215 1970 1254 2033 de
1297 1969 1348 2033 his

331 2110 425 2175 rebus
448 2110 604 2194 quaedam
627 2108 823 2174 conscribere
847 2107 986 2172 decrevi:
1013 2107 1054 2171 ad
1076 2129 1173 2192 quam
1194 2130 1262 2172 rem
1285 2109 1345 2173 im·

331 2250 442 2333 primis
467 2250 548 2315 ratio
572 2272 622 2313 me
645 2241 777 2313 deduxit
801 2249 886 2340 quod
910 2249 1029 2333 singuli
1053 2249 1177 2312 nummi
1201 2249 1236 2313 in
1261 2252 1346 2314 cata·

331 2390 413 2474 logis
434 2385 625 2454 (lohenianis
647 2387 879 2452 absurdissimis
899 2388 1125 2452 additamentis
1141 2389 1247 2453 ornati
1260 2393 1347 2455 sunt.
1416 2422 1417 2425 ¹

377 2528 615 2594 Praemittenda
649 2528 750 2612 igitur
785 2530 833 2592 est
866 2528 971 2593 brevis
1002 2529 1171 2614 descriptio
1203 2531 1346 2615 appella-

332 2673 429 2737 tionis
461 2671 700 2756 imperatoriae,
732 2670 820 2734 cuius
854 2671 992 2735 virecte
1016 2669 1149 2734 definita
1172 2672 1278 2737 nescio
1302 2636 1343 2736 an

330 2813 522 2879 sententiam
549 2832 652 2875 meam
674 2811 938 2894 comprobaturus
960 2811 1029 2874 sim.
1076 2810 1180 2886 Quare
1204 2811 1288 2875 viam
1312 2814 1345 2876 et

328 2955 485 3018 rationem
509 2951 608 3016 totius
631 2950 848 3035 indagationis
871 2949 904 3013 in
931 2953 1102 3036 conspectu
1124 2971 1255 3034 ponam.

719 3195 911 3211 ffl—

355 3373 541 3455 Quicunque
549 3370 613 3432 dux
621 3366 685 3432 suis
694 3365 842 3450 auspiciis
850 3385 917 3427 rem
925 3364 1006 3427 bene
1015 3362 1140 3446 gessita
1151 3359 1303 3425 militibus
1313 3357 1340 3446 ¹)

325 3560 498 3582 μ...

362 3674 386 3738 1)
406 3674 425 3720 Λ
444 3673 527 3720 senatu
543 3670 713 3734 imperatorem
729 3665 833 3729 aliquem
849 3663 968 3713 nominari
985 3680 1033 3714 non
1050 3664 1101 3714 veri
1116 3664 1193 3715 simile
1207 3669 1255 3725 est,
1265 3682 1340 3732 neque

325 3757 372 3805 huc
389 3757 495 3818 spectare
511 3753 607 3801 videtur
625 3747 745 3799 Ciceronis
762 3749 838 3796 locus:
860 3745 935 3810 (Phil.
954 3747 1026 3806 XIV,
1045 3748 1073 3812 4)
1094 3749 1155 3797 uSed
1173 3749 1218 3798 hoc
1234 3750 1339 3814 primum

324 3837 410 3884 luciam
434 3838 460 3883 nt
478 3835 632 3898 imperatores
650 3831 767 3895 appellem
784 3846 836 3888 eos,
855 3829 972 3894 quorum'’
990 3833 1033 3879 cet.
1054 3830 1070 3878 i.
1089 3847 1120 3879 a:
1141 3831 1211 3879 duces
1229 3831 1256 3880 ab
1275 3848 1340 3880 exer·
1377 3837 1380 3844 ’

325 3919 375 3966 citu
391 3917 442 3979 jam
458 3917 613 3980 imperatores
630 3912 726 3961 salutati
744 3915 810 3971 sunt,
829 3928 871 3961 nos
889 3928 944 3960 eum
960 3911 1060 3961 titulum
1078 3912 1103 3960 in
1120 3915 1144 3963 S.
1164 3913 1190 3961 Ο.
1207 3913 1340 3962 omittendo

323 4000 421 4048 irritum
443 3997 572 4046 iaciemus?
599 3996 637 4056 (cf.
655 3996 734 4059 Lange
752 3996 821 4044 Ram.
839 3994 888 4044 Alt.
908 3994 964 4044 111¹
983 4011 1007 4060 p.
1028 3994 1087 4058 535)
1106 3995 1152 4044 Dio
1170 3994 1276 4059 (XLVI,
1295 3997 1337 4064 38)

323 4097 416 4143 q¹1⁰q¹1⁸
441 4083 487 4134 ὑπὸ
506 4089 555 4134 τῶν
574 4089 731 4148 στρατιωτῶν
750 4083 792 4134 καὶ
811 4081 857 4134 ὑπὸ
877 4077 922 4142 τῆς
942 4085 1032 4144 βουλῆς
1048 4076 1141 4141 iungit,
1166 4077 1206 4126 sed
1230 4077 1282 4125 loco
1299 4077 1338 4125 Ci-
