3106 5086
754 481 795 549 58

265 721 393 805 quidem
435 721 457 784 ii
493 742 635 805 praeesse
669 724 861 806 potuerunt,
896 746 977 806 quae
1010 724 1177 808 provincia
1213 729 1296 809 post

266 865 395 945 paetum
426 861 631 946 Philippense
661 863 732 946 (42)
756 862 856 927 libera
880 863 1009 927 remissa
1033 865 1066 927 et
1089 861 1207 926 Italiae
1233 863 1297 926 ad-

154 1047 156 1050 ·
266 1001 334 1065 diss
357 1001 476 1065 fuisset.
524 1001 786 1086 Proqunestorem
811 1001 947 1087 denique
966 1023 1037 1066 eum
1057 1001 1294 1086 magistratum

266 1163 349 1219 esse,
375 1141 430 1224 qui
454 1141 572 1205 mortui
596 1143 645 1204 vel
670 1141 733 1206 alia
758 1144 914 1206 decanea
938 1141 1078 1206 absentis
1104 1143 1296 1224 quaestoris

266 1280 369 1348 officio
393 1283 526 1345 ornetur
548 1302 568 1343 a
590 1279 773 1364 provinciae
796 1282 985 1364 proconsule
1003 1282 1054 1345 vel
1066 1283 1296 1365 propraetore,

266 1423 522 1510 proqnaestorem
555 1439 645 1503 prop.
679 1440 753 1506 ¹vero
777 1441 867 1498 oum,
891 1421 946 1504 qui
969 1421 1033 1485 iem
1055 1424 1295 1504 proquaestore

266 1557 333 1622 vioe
356 1557 455 1642 ipsius
478 1559 662 1642 provinciae
684 1559 837 1643 praesidis
860 1559 1034 1643 fungatur,
1055 1560 1164 1623 multis
1177 1582 1294 1625 exem·

266 1697 327 1781 plis
352 1698 541 1781 Marquerdt
568 1700 591 1784 ¹)
615 1698 793 1763 Mommsen
820 1701 843 1782 ²)
870 1699 925 1762 alii
948 1699 1132 1786 docuerunt.

310 1836 346 1901 L.
368 1837 518 1902 Ooooeins
535 1836 661 1914 Nerva,
684 1837 843 1920 interpres
863 1837 949 1921 panis
974 1836 1219 1916 Brundusium),
1246 1840 1294 1903 ab

266 1976 415 2061 Appiano
440 1978 465 2062 ⁸)
492 1979 702 2052 memoratur,
728 1978 779 2042 oni
802 1997 869 2040 non
893 1977 982 2042 Lucii
1002 1979 1055 2042 sed
1075 1978 1178 2042 Marci
1191 2000 1294 2062 prae-

267 2137 385 2180 nomen
408 2116 505 2181 fuisse
529 2119 641 2182 contra
664 2116 875 2201 Borghesium
899 2120 1069 2182 contendo.
1112 2116 1200 2182 Nam
1220 2120 1294 2202 pri-

267 2279 355 2320 mum
387 2257 538 2340 perfacile
574 2258 1087 2341 M’KOKKH102·-corrnmpi
1118 2258 1229 2340 potnit
1253 2260 1293 2324 in

267 2410 319 2460 A·
335 2406 551 2462 ΚΟΚΚΗΙΟΣ
567 2418 587 2474 ·,
621 2399 733 2462 deinde
764 2400 953 2482 argumento
985 2419 1004 2462 a
1035 2397 1213 2482 Borghesio
1239 2401 1292 2464 al-

266 2535 351 2612 lato,
377 2557 440 2620 quo
463 2537 662 2601 demonsiret
686 2537 837 2600 traditam
862 2535 1004 2621 Appiani
1027 2536 1199 2600 lectionem
1223 2559 1292 2601 ser·

266 2680 403 2741 vendam
441 2699 524 2756 esse,
561 2676 641 2740 nihil
679 2677 756 2741 osrti
791 2651 918 2760 probari
941 2675 1020 2739 mihi
1043 2676 1180 2741 videtur.
1230 2677 1290 2741 In·

266 2818 395 2901 scriptio
428 2840 447 2880 a
471 2816 653 2901 ³Borghesio
677 2817 826 2893 laudata,
849 2838 931 2900 quae
951 2837 1010 2880 nos
1033 2816 1181 2880 certiores
1206 2817 1293 2882 facit
1361 2796 1363 2799 .

265 2959 346 3023 dnos
369 2958 514 3022 eonsules
536 2956 633 3022 luisse
656 2957 692 3021 L.
717 2961 752 3021 ut
775 2957 819 3021 M.
845 2955 969 3021 Nervae
994 2961 1045 3041 (ex
1069 2957 1162 3020 annis
1183 2959 1228 3022 39
1253 2965 1291 3024 et

267 3100 335 3184 36),
370 3121 443 3162 oum
478 3098 511 3162 id
547 3101 674 3161 tantum
710 3097 825 3180 probet
856 3096 989 3160 fratrem
1025 3097 1127 3161 nostri
1157 3097 1291 3175 Nervae
1366 3192 1370 3198 Ι

266 3261 390 3322 quoque
421 3238 622 3302 consulatum
652 3238 799 3321 gessisse,
832 3258 899 3300 non
929 3237 1075 3301 debilitat
1098 3238 1291 3306 testimonia

267 3374 403 3439 Aaronis
427 3376 460 3436 et
482 3374 751 3438 Commentatoris
775 3375 950 3459 Oruquiani
963 3378 999 3460 ⁴),
1017 3377 1072 3460 qni
1091 3376 1178 3440 huno
1195 3381 1291 3460 pacis

197 3565 199 3568 .
264 3515 475 3599 interpretem
499 3511 624 3578 Nervae
647 3515 847 3597 imperatoris
866 3535 1022 3598 proavum
1041 3515 1138 3580 inisse
1159 3515 1289 3585 dicunt.

268 3726 447 3742 Ἥ

302 3868 328 3936 1)
347 3871 575 3936 Stsatsverwsllnng
594 3867 607 3920 I
624 3887 647 3937 p.
666 3869 714 3922 338
732 3883 781 3937 sqq.

303 3950 330 4018 2)
348 3956 448 4002 aanor.
467 3951 519 4011 11¹,
540 3955 596 4012 aaa
618 3955 643 4012 1,
664 3955 719 4003 eei.
856 3956 883 4020 a)
903 3949 930 4004 s.
949 3957 974 4004 o.
996 3950 1027 4016 V,
1047 3951 1086 4005 eo.

301 4038 326 4096 4)
345 4035 374 4084 In
398 4037 433 4085 ed.
459 4033 548 4084 rouen.
568 4033 630 4084 Livii
649 4037 675 4084 II
694 4054 718 4100 p.
737 4038 802 4085 XIV.
842 4038 963 4086 Deeisione
980 4039 1095 4086 abstinuit
1110 4037 1214 4087 Sehiller
1234 4034 1250 4091 l.
1272 4035 1289 4094 l.

202 4121 204 4126 ’
267 4137 292 4184 p.
310 4121 354 4178 92;
374 4134 465 4170 meeum
484 4118 540 4166 lacit
558 4121 689 4168 Drumenn.
