3106 5086
735 469 777 538 18

245 709 340 774 huius
371 709 508 774 nummis
539 709 699 795 conspici,
729 710 812 775 ensis
835 731 922 774 anno
947 709 1008 788 35,
1033 730 1094 793 quo
1118 712 1275 794 tempore

243 850 298 914 ille
322 854 409 915 totus
432 851 534 916 amori
557 848 744 937 Cleopatrae
767 852 893 917 deditus
916 855 998 917 osset
1020 855 1053 916 et
1074 852 1179 936 ipsam
1205 850 1273 915 Oo-

218 990 364 1055 'taviam
396 988 535 1056 Athenis
567 991 702 1057 Romam
733 992 899 1057 remiserit.
955 991 1017 1057 Sed
1047 991 1164 1076 quibus
1190 993 1273 1054 tan-

244 1132 315 1196 dem
354 1131 393 1196 de
428 1132 530 1197 musis
564 1132 647 1199 hanc
683 1155 749 1198 rem
785 1133 854 1198 fieri
876 1133 1018 1218 potuisse
1049 1132 1273 1217 negabimus?

246 1270 334 1336 Num
373 1293 483 1338 omnes
518 1273 659 1351 nummi,
683 1272 726 1338 M.
752 1272 890 1338 Antonii
919 1271 1092 1357 imaginem
1124 1271 1182 1332 ant
1206 1289 1274 1332 no-

246 1433 319 1476 men
356 1411 559 1490 exhibentes,
593 1412 633 1477 ab
666 1413 734 1497 ipso
766 1412 888 1515 1111110
918 1411 968 1476 vel
990 1432 1048 1495 per
1069 1411 1175 1494 ipsum
1199 1411 1274 1474 cusi

246 1553 346 1616 sunt?
393 1551 427 1616 si
455 1552 503 1616 ita
533 1573 582 1616 res
611 1573 678 1618 sese
705 1550 856 1628 haberet,
891 1514 1012 1636 primus
1035 1550 1180 1614 omnium
1205 1571 1273 1635 ego

246 1692 331 1758 hanc
354 1692 527 1778 imeginem
552 1691 703 1757 Octauiae
725 1692 969 1757 abiudicondam
999 1714 1065 1756 esse
1090 1713 1271 1757 censerem.

245 1832 307 1898 Sed
339 1837 372 1898 et
402 1855 421 1898 a
451 1833 687 1918 provinciarum
718 1833 915 1918 praesidibus
938 1833 1146 1917 classiumque
1170 1855 1271 1917 prae·

245 1973 337 2040 fectis
361 1972 512 2040 Octaviae
535 1975 641 2040 vultus
661 1974 801 2038 nummis
821 1974 944 2058 vulgati
964 1977 1049 2038 sunt.
1083 1973 1136 2038 Illi
1156 1974 1270 2053 enim,

247 2117 303 2200 qui
326 2116 529 2182 concordiam
552 2115 745 2182 IIIvirorum
771 2138 838 2181 non
865 2115 970 2200 rumpi
998 2114 1131 2179 fortasse
1151 2115 1270 2198 cupie-

245 2258 343 2335 bant,
376 2257 541 2324 Octaviam
572 2259 718 2324 Antonio
753 2258 817 2322 suis
855 2257 993 2322 nummis
1028 2256 1269 2334 adiunxerant,
1378 2339 1382 2348 Ι

244 2401 409 2482 tamquam
426 2398 519 2483 pacis
542 2402 575 2463 et
598 2398 783 2464 concordiae
805 2398 923 2482 pignus
947 2399 1039 2461 esset.

291 2536 371 2612 Quia
394 2536 527 2602 Octavia
550 2537 611 2602 hoe
634 2559 720 2602 anno
744 2497 889 2603 Athenas
913 2538 1003 2603 venit
1022 2540 1059 2601 ut
1080 2534 1269 2605 Antonium

244 2681 431 2746 conveniret
455 2702 591 2764 eumque
614 2678 768 2744 militibus
790 2678 988 2745 vestimentis
1012 2679 1103 2743 donis
1125 2682 1271 2762 pecunia

244 2818 426 2898 adiuvaret,
457 2822 490 2884 et
521 2820 617 2884 etiam
651 2824 725 2905 post
759 2820 884 2884 litteras
915 2819 955 2884 ab
980 2818 1125 2884 Antonio
1150 2841 1270 2906 accep-

244 2961 294 3024 tas
323 2956 367 3023 ibi
399 2963 556 3024 remorata
587 2962 637 3025 est
650 2962 692 3045 ¹),
723 2959 909 3025 incredibile
941 2959 1020 3024 mihi
1045 2943 1119 3024 non·
1136 2961 1270 3057 videtur

244 3123 394 3180 aureum,
435 3100 525 3166 cuius
562 3101 733 3185 descriptio
772 3101 847 3165 huic
885 3101 982 3186 capiti
1020 3102 1161 3201 praefixe
1197 3107 1269 3183 est,

246 3241 385 3306 Athenis
419 3265 486 3307 esse
522 3264 642 3306 cusum.
690 3240 774 3324 Huic
808 3240 894 3306 enim
928 3241 1000 3305 urbi
1035 3245 1103 3306 tem
1132 3246 1270 3328 propter

247 3406 403 3449 summam
426 3383 697 3468 pulchritudinem
720 3388 753 3448 et
776 3387 896 3462 1111111,
921 3407 1016 3469 quam
1039 3385 1180 3450 ostendit
1206 3405 1268 3450 eu·

244 3546 315 3590 reus
344 3527 467 3604 noster,
500 3545 597 3608 quom
627 3525 758 3608 propter
788 3523 983 3608 singularem
1015 3544 1173 3612 amorem,
1199 3545 1268 3607 qno
1315 3549 1317 3554 ·

245 3664 412 3730 Octaviam
435 3662 651 3730 Athenienses
675 3682 799 3746 semper
821 3663 960 3747 amplexi
983 3666 1059 3727 sunt
1073 3663 1116 3747 ²),
1142 3661 1268 3745 optime

245 3804 418 3871 convenire
441 3805 575 3872 videtur.
611 3806 653 3871 In
674 3825 740 3869 uno
764 3804 892 3887 quidem
916 3804 1088 3887 exemplari
1106 3804 1215 3868 littera
1235 3801 1268 3869 Ε

279 4032 307 4097 1)
325 4032 434 4082 111111
451 4031 494 4081 vu.
514 4035 570 4082 ent.
590 4035 629 4082 se.
649 4036 693 4092 sa
712 4022 772 4099 lpp.
795 4031 821 4082 11.
842 4031 901 4092 13&
921 4031 973 4084 oio.
993 4035 1018 4083 c.
1038 4036 1078 4093 49,
1097 4033 1136 4084 ss.

279 4115 307 4181 2)
325 4113 390 4164 Plnt.
408 4113 433 4164 in
451 4114 492 4162 vit.
511 4117 569 4163 Ant.
589 4116 627 4164 59.
