3106 5086
655 531 694 594 19

93 773 96 777 '
164 767 336 830 exercitum
357 766 453 852 Oppii
472 769 512 831 ad
534 792 632 832 unum
653 770 718 833 fere
737 771 898 834 hominem
917 793 1042 834 caesum
1055 771 1177 834 fusum-

165 927 225 988 que
249 928 315 971 esse
331 905 364 991 ¹).
400 905 469 981 Qua
490 929 524 971 re
549 910 679 992 cognita
698 909 861 974 Antonius
881 911 987 974 statim
1008 912 1178 988 succurrit,

163 1049 218 1109 sed
242 1067 352 1111 omnes
376 1045 472 1130 Oppii
494 1048 603 1130 copiae
625 1068 725 1132 prope
748 1052 788 1112 ad
807 1048 1055 1112 internecionem
1068 1051 1177 1112 redac-

164 1188 215 1248 tae
250 1189 359 1263 erant;
396 1208 499 1269 neque
534 1187 640 1251 hostes
675 1188 708 1250 in
745 1189 889 1270 proximo
922 1192 1024 1251 erant.
1077 1187 1176 1251 Paulo

162 1329 270 1390 tamen
306 1328 380 1408 post
413 1347 580 1390 numerum
617 1346 682 1389 non
718 1346 872 1409 magnum
907 1347 1014 1390 eorum
1050 1328 1176 1391 obviarn

162 1471 290 1533 euntem
325 1470 360 1532 in
394 1469 505 1550 fugam
540 1467 706 1533 convertit.
753 1467 845 1530 Hanc
881 1468 974 1532 vilem
1011 1468 1176 1532 victoriam

162 1609 256 1673 series
291 1609 509 1673 calamitatum
544 1609 677 1691 excepit.
725 1608 845 1672 Partim
870 1608 910 1671 ab
934 1607 1078 1671 hostibus
1101 1630 1175 1691 par·

162 1748 220 1811 tim
256 1747 374 1831 frigore
408 1749 515 1813 inedia
544 1747 713 1812 itineribus
744 1746 790 1809 ita
821 1745 1020 1810 vexabantur
1044 1749 1075 1810 et
1099 1766 1174 1808 oon-

160 1887 365 1963 ficiebantur‚
409 1889 446 1950 ut
486 1887 579 1950 huius
620 1886 743 1950 itineris
787 1884 1030 1968 descriptionem
1066 1885 1175 1968 legens

160 2024 293 2088 alteram
333 2025 491 2101 ἀνάβασιν
530 2028 606 2089 ante
640 2025 747 2088 oculos
782 2025 841 2087 tibi
875 2024 1036 2088 obversari
1071 2029 1172 2107 putes.

160 2163 303 2228 Tandem
334 2186 390 2248 per
419 2165 558 2228 Mediam
589 2165 628 2228 ad
660 2163 789 2228 Araxen
813 2164 951 2238 flumen,
976 2164 1173 2228 miseriarum

159 2305 349 2381 terminum,
382 2307 571 2388 perventum
597 2309 644 2367 est
666 2308 698 2368 et
720 2304 795 2368 inde
819 2303 914 2367 armis
937 2304 1090 2368 Romanis
1113 2305 1173 2370 hac

158 2440 295 2524 ignobili
327 2443 415 2506 clade
445 2443 565 2506 affectis
598 2462 717 2525 magna
747 2445 838 2525 parte
873 2443 1027 2507 exercitus
1058 2445 1173 2508 amissa
1262 2457 1266 2464 “

159 2602 266 2665 sospes
296 2581 364 2664 ipse
394 2581 558 2646 Antonius
589 2581 697 2666 Syriae
720 2575 800 2648 fines
823 2585 984 2666 ingressus
1008 2589 1065 2647 est.
1112 2583 1172 2649 Ni·

158 2721 331 2785 hilominus
371 2722 477 2785 »hanc
515 2743 605 2786 suam
640 2722 767 2806 fugam,
803 2723 877 2805 quia
912 2723 1001 2786 virus
1036 2723 1170 2798 exierat,

158 2861 323 2926 victoriam
360 2861 534 2938 vocabat‚'’
569 2862 615 2926 ita
650 2861 792 2925 Velleius
810 2863 846 2946 ²).
893 2861 980 2925 Idem
1016 2861 1128 2926 Florus
1145 2863 1178 2947 ³)1

157 3004 292 3066 testatur
323 3001 371 3064 his
404 3001 525 3065 verbis:
558 3000 742 3064 »Antonius
771 3001 805 3063 in
834 3000 956 3084 Syriam
980 3001 1072 3085 fugit.
1122 3002 1170 3066 lbi

157 3140 337 3204 incredibili
372 3143 509 3223 quadam
541 3139 657 3204 mentis
681 3140 827 3203 vecordia
850 3139 983 3203 ferocior
1007 3141 1170 3224 aliquanto

155 3279 258 3344 factus
281 3282 346 3354 est,
372 3279 462 3361 quasi
483 3279 625 3355 vicisset,
647 3279 703 3361 qui
722 3279 896 3343 evaserat''.
915 3279 1042 3345 Servius
1053 3283 1077 3366 ²)
1091 3304 1170 3364 qno-

157 3436 219 3497 que
249 3413 429 3479 Antonium
462 3416 614 3480 victorem
647 3416 837 3480 Parthorum
872 3419 1020 3502 appellat.
1068 3420 1171 3485 Dione
1229 3425 1231 3430 ’

118 3709 122 3716 ’
190 3720 216 3784 1)
236 3721 371 3768 Mommsen
391 3720 453 3779 (Res.
473 3720 501 3768 G.
520 3719 576 3766 Divi
593 3721 653 3782 Aug.
672 3735 694 3784 p.
714 3721 755 3775 86)
772 3720 894 3769 contendit
911 3720 978 3784 signa
995 3721 1126 3784 legionaris
1143 3711 1181 3770 ab

156 3802 273 3859 Antonio,
302 3803 328 3849 ut
351 3800 484 3857 ferebatur,
508 3800 593 3848 amissa
610 3801 654 3849 hac
670 3801 735 3848 clade
753 3802 832 3865 Oppio
850 3818 863 3850 a
882 3802 977 3850 Parthis
995 3806 1075 3867 erepta
1093 3804 1173 3856 fuisse.

157 3885 226 3948 Quod
252 3883 272 3931 si
298 3899 381 3930 verum
405 3886 453 3940 eet,
471 3883 528 3930 haec
547 3883 645 3930 Antonii
662 3882 739 3930 clades
756 3884 832 3931 multo
849 3884 928 3932 minus
945 3884 1101 3947 ignominiosa
1119 3887 1171 3946 fuit,

157 3981 230 4028 qoam
248 3968 329 4028 postea
347 3964 455 4012 omnibns
473 3965 522 4011 visa
540 3968 580 4012 est.
606 3967 716 4012 Ceterum
737 3982 772 4012 res
790 3966 887 4014 Antonii
906 3967 1003 4014 omnino
1021 3983 1033 4014 a
1051 3969 1172 4032 scriptori-

155 4048 198 4096 bus
215 4048 239 4095 in
257 4047 361 4094 deterius
379 4049 445 4094 lictae
462 4063 511 4095 esse
528 4047 647 4100 videntur.

192 4130 219 4193 a)
240 4129 300 4178 reu.
321 4130 355 4176 u.
376 4130 415 4178 ee.
526 4131 552 4193 3)
572 4131 643 4188 1111,
664 4131 700 4178 10.
813 4132 839 4194 a)
857 4131 886 4177 aa
904 4132 1000 4180 renen.
1020 4133 1097 4192 vui,
1116 4137 1170 4184 esc.
1193 4108 1196 4114 ’
