3106 5086
694 517 733 580 51

201 782 266 825 non
290 761 441 824 habemus
465 760 535 843 quis
560 779 761 842 perannum
785 757 826 820 41
853 757 886 818 et
908 756 1045 839 priorem
1069 757 1147 819 anni
1164 746 1213 821 ,40

201 903 323 984 partem
345 899 442 964 Asiae
465 897 647 981 praefuerit.
685 887 819 959 Parthos
844 895 957 958 deinde
981 901 1013 958 et
1037 895 1213 962 Labienum

199 1049 255 1125 per
276 1040 414 1123 priorem
434 1038 511 1102 anni
532 1038 574 1102 40
596 1039 719 1121 partem
739 1035 849 1101 Asiam
868 1040 1055 1120 occupatam
1069 1037 1215 1103 habuisse

200 1181 232 1242 et
262 1178 298 1241 L.
331 1176 511 1241 Munatium
540 1176 695 1240 Plancum
719 1177 752 1239 in
777 1177 915 1241 eiusdem
940 1178 1017 1240 anni
1041 1179 1215 1261 posteriore

71 1303 74 1308 ¹
200 1321 291 1402 parte
323 1319 364 1380 ad
392 1317 503 1381 Asiam
534 1317 710 1402 appulisse,
740 1317 825 1381 idem
856 1316 1026 1382 Bdrcklein
1059 1321 1214 1402 exposuit

97 1479 98 1482 ’
202 1457 290 1522 Nihil
325 1478 420 1541 porro
451 1457 575 1532 obstat,
608 1457 777 1540 quominus
809 1456 964 1520 Plancum
996 1458 1057 1522 hoc
1087 1481 1217 1524 munera

199 1597 344 1662 stinctum
369 1619 435 1660 esse
464 1618 619 1680 ponamus
642 1619 699 1681 per
724 1618 826 1661 annos
857 1599 899 1661 40
924 1599 1053 1681 (poster.
1075 1601 1211 1685 partem)

202 1739 242 1802 39
269 1739 310 1803 38
338 1739 390 1813 37,
414 1759 486 1800 cum
511 1758 567 1821 per
590 1758 690 1800 annos
712 1738 753 1800 36
775 1737 816 1801 35
837 1739 1012 1822 praesidem
1032 1740 1214 1823 provinciae

94 1869 96 1871 ⁵
196 1875 354 1944 fuisset).
377 1876 532 1940 Furnium
547 1873 573 1959 ¹)
598 1880 740 1940 auctores
763 1878 930 1941 testentur.
970 1877 1104 1962 Excepit
1127 1879 1213 1943 hunc

198 2016 242 2080 Μ.
266 2016 370 2080 'titius
387 2017 410 2100 Ι)
434 2036 556 2099 procos.
581 2015 679 2098 pracf.
704 2014 867 2081 clas.⁸cos.
893 2019 1008 2102 desig„
1029 2041 1123 2103 quem
1140 2041 1213 2084 cum

197 2154 299 2216 medio
332 2155 410 2216 anni
443 2155 485 2218 32
518 2154 725 2222 M..Antonii
748 2159 854 2239 partes
876 2160 1064 2235 deseruerit,
1090 2160 1129 2223 ad
1154 2160 1214 2226 hoc

77 2381 80 2388 Ι
199 2312 296 2373 usqua
330 2295 457 2375 tempus
481 2293 577 2358 Asiae
601 2295 773 2378 praefuisse
796 2296 888 2360 facile
912 2299 1029 2362 credas.
1077 2299 1139 2363 Sed
1161 2301 1215 2365 hic

197 2405 328 2494 ultimus
359 2436 424 2507 ast,
457 2435 512 2517 qui
545 2435 640 2498 Asiae
673 2437 850 2519 praefectus
877 2443 1079 2514 memoratur.
1126 2439 1213 2524 Ergo

198 2570 277 2654 duae
299 2573 432 2636 lacunae
457 2577 585 2651 extant,
610 2576 712 2658 prima
736 2578 813 2640 anni
834 2579 874 2641 41
897 2581 929 2641 et
949 2580 1063 2662 prioris
1080 2582 1212 2646 annito

197 2712 313 2793 partis,
347 2712 447 2776 altera
470 2735 628 2777 annorum
654 2716 696 2778 32
722 2717 754 2778 ct
780 2717 820 2780 31
847 2717 1021 2799 (usquead
1045 2740 1072 2780 a.
1098 2718 1128 2780 d.
1154 2716 1216 2783 IV.

197 2850 281 2916 Non.
307 2853 418 2940 Sept).

243 2997 273 3060 4.
306 2993 354 3059 De
387 2995 558 3082 Bithyniae
589 3011 618 3061 et
649 2999 749 3063 Ponti
775 2999 943 3083 praefectis
967 3002 992 3064 si
1015 3002 1218 3085 quaerimus,

198 3138 306 3200 cadem
328 3136 438 3218 inopia
460 3157 566 3199 rerum
589 3138 779 3201 traditarum
803 3139 1029 3224 impedimento
1053 3141 1111 3204 cst.
1142 3138 1213 3204 No·
1301 3135 1303 3138 ’
1418 3223 1422 3230 Ι

197 3299 271 3341 men
295 3277 380 3353 eius,
405 3299 499 3361 quem
524 3277 687 3342 Antonius
711 3301 783 3342 cum
807 3280 910 3363 primo
934 3280 1044 3344 Asiam
1066 3281 1167 3344 adiret
1185 3281 1214 3345 ei

197 3417 377 3499 provinciae
397 3418 628 3502 praeposuerit,
651 3440 690 3481 cx
709 3419 901 3502 antiquitate
923 3421 989 3484 erui
1010 3442 1076 3484 non
1089 3421 1213 3503 potuit:

196 3557 311 3620 lacuna
343 3560 391 3620 est
413 3579 513 3639 usque
537 3560 578 3620 ad
603 3558 684 3621 med.
710 3579 762 3620 an.
791 3559 843 3621 40.
892 3558 939 3622 Eo
963 3563 1123 3641 ternpore,
1148 3561 1211 3622 iam

196 3698 270 3759 ante
294 3717 403 3781 pacem
428 3697 545 3760 circum
569 3695 786 3761 Brundusium
812 3698 1038 3780 compositam,
1064 3697 1122 3764 Gn.
1146 3700 1213 3765 Do·
1341 3751 1343 3755 -

196 3836 304 3899 mitius
344 3835 580 3901 Ahenobarbus
619 3838 732 3901 missus
768 3842 833 3914 est,
870 3840 924 3921 qui
959 3837 1147 3926 Bithyniam
1183 3846 1216 3906 et

234 4139 262 4202 1)
283 4139 457 4203 Waddington,
473 4141 553 4190 Fastes
570 4140 705 4203 Asiatiques
721 4157 743 4206 p.
764 4141 803 4188 81.
822 4141 861 4190 82.
