3106 5086
660 1274 795 1348 CAPUT
820 1275 1038 1348 ltTEltUlll.

775 1542 919 1550 *-

387 1745 544 1820 Quoniam
577 1743 622 1807 M.
656 1743 818 1807 Antonius
849 1745 997 1806 maiorem
1033 1748 1153 1826 partem
1186 1747 1362 1827 temporis,

341 1902 404 1964 quo
435 1881 537 1942 lllvir
564 1879 642 1954 fuit,
675 1883 766 1942 extra
799 1879 931 1942 Romam
964 1883 996 1942 et
1027 1879 1058 1942 in
1096 1878 1225 1943 Oriente
1248 1881 1362 1963 degit,

341 2017 459 2100 quippe
491 2018 546 2099 qui
578 2023 651 2100 post
679 2018 843 2080 victoriam
878 2017 1114 2100 Philippensem
1143 2040 1191 2080 res
1216 2017 1362 2085 Orientis

341 2153 534 2217 ordinandas
570 2157 602 2216 et
637 2153 772 2217 Parthos
804 2154 1020 2234 profligandos
1051 2155 1254 2236 suscepisset,
1288 2156 1362 2219 fieri

342 2311 408 2353 non
432 2292 554 2374 potuit,
581 2292 657 2373 quin
682 2290 784 2352 maior
806 2290 872 2352 eius
897 2309 1098 2351 nummorum
1124 2291 1218 2352 etiam
1243 2312 1362 2354 nume-

341 2450 394 2490 rus
429 2428 463 2488 in
499 2427 672 2509 provinciis
710 2425 851 2488 Antonio
889 2426 1058 2507 assignatis
1094 2427 1268 2489 cuderetur.
1327 2429 1362 2490 Si

345 2566 470 2634 autem,
500 2563 531 2624 id
562 2564 646 2646 quod
671 2562 765 2625 huius
788 2562 887 2624 libelli
911 2584 1004 2624 eausa
1029 2566 1059 2623 et
1083 2562 1266 2624 institutum
1290 2569 1361 2639 est,

341 2698 538 2781 inquirerem¹
566 2700 712 2761 volumus
735 2699 768 2759 in
793 2701 936 2780 tempora
960 2698 1092 2780 quibus,
1116 2698 1149 2758 in
1175 2696 1259 2759 locos
1283 2698 1363 2774 ubi,

342 2833 376 2896 in
401 2856 510 2897 causas
534 2856 589 2897 cur
614 2833 733 2916 singuli
760 2834 880 2895 nummi
905 2834 1024 2915 signati
1047 2834 1182 2910 inerint,
1208 2837 1244 2898 ut
1264 2857 1363 2898 suum

341 2972 454 3052 cuique
486 2970 625 3054 pretium
649 2972 681 3031 et
704 2990 778 3030 usus
801 2969 835 3029 in
860 2969 992 3030 historia
1016 2970 1202 3051 explicanda
1226 2975 1257 3032 et
1281 2993 1362 3053 sup-

344 3109 463 3193 plenda
494 3107 662 3179 reddatur,
694 3125 806 3186 operae
831 3105 968 3185 pretium
991 3108 1056 3185 est,
1081 3111 1118 3167 ut
1141 3106 1362 3170 conditionem

343 3243 576 3326 provinciarum
610 3239 746 3302 Antonii
781 3239 993 3302 describamus
1024 3245 1073 3315 et,
1092 3245 1262 3323 'quantum
1292 3241 1363 3306 fieri

342 3377 478 3460 poterit,
515 3375 691 3457 praesides,
724 3374 787 3436 illis
819 3374 859 3437 ab
882 3373 1027 3438 Antonio
1050 3377 1265 3460 praepositos,
1290 3378 1361 3439 col-

343 3512 490 3594 ligamus
538 3509 587 3572 Ex
618 3511 760 3593 undique
786 3511 886 3593 igitur
913 3514 1064 3593 congesta
1090 3512 1219 3574 materie
1244 3510 1362 3576 Festos

343 3652 495 3730 quosdam
516 3647 725 3729 provinciales
747 3646 840 3708 huius
860 3647 1012 3728 temporis
1032 3648 1223 3710 constituere
1241 3667 1361 3730 aggred

343 3783 462 3856 dimur,
498 3782 718 3864 imperfectum
755 3803 831 3844 sane
865 3803 944 3863 opus
980 3781 1192 3844 constructuri
1226 3785 1361 3864 propter

342 3917 483 3999 inopiam
519 3921 551 3978 et
580 3917 825 3998 infrequentiam
851 3937 977 3991 eorum,
998 3937 1078 3998 quae
1098 3915 1159 3977 hue
1179 3915 1361 3998 spectantia

345 4052 513 4134 scriptores
536 4050 747 4112 tradiderunt.
