<?xml version="1.0" encoding="UTF-8"?>
<!DOCTYPE html PUBLIC "-//W3C//DTD XHTML 1.0 Transitional//EN"
    "http://www.w3.org/TR/xhtml1/DTD/xhtml1-transitional.dtd">
<html xmlns="http://www.w3.org/1999/xhtml" xml:lang="en" lang="en">
 <head>
  <title>
</title>
<meta http-equiv="Content-Type" content="text/html;charset=utf-8" />
  <meta name='ocr-system' content='tesseract 3.04.00' />
  <meta name='ocr-capabilities' content='ocr_page ocr_carea ocr_par ocr_line ocrx_word'/>
</head>
<body>
  <div class='ocr_page' id='page_1' title='image "./denummismantoni00calagoog_0062.png"; bbox 0 0 3106 5086; ppageno 0'>
   <div class='ocr_carea' id='block_1_1' title="bbox 696 513 737 576">
    <p class='ocr_par' dir='ltr' id='par_1_1' title="bbox 696 513 737 576">
     <span class='ocr_line' id='line_1_1' title="bbox 696 513 737 576; baseline 0 0"><span class='ocrx_word' id='word_1_1' title='bbox 696 513 737 576; x_wconf 88' lang='grc'>40</span> 
     </span>
    </p>
   </div>
   <div class='ocr_carea' id='block_1_2' title="bbox 206 749 1220 1951">
    <p class='ocr_par' dir='ltr' id='par_1_2' title="bbox 206 749 1220 1951">
     <span class='ocr_line' id='line_1_2' title="bbox 206 749 1219 833; baseline -0.001 -20"><span class='ocrx_word' id='word_1_2' title='bbox 206 749 360 813; x_wconf 86' lang='lat' dir='ltr'>Calenum</span> <span class='ocrx_word' id='word_1_3' title='bbox 383 750 581 833; x_wconf 85' lang='lat' dir='ltr'>provinciam</span> <span class='ocrx_word' id='word_1_4' title='bbox 605 750 846 814; x_wconf 83' lang='lat' dir='ltr'>Narbonensem</span> <span class='ocrx_word' id='word_1_5' title='bbox 871 752 934 814; x_wconf 90' lang='lat' dir='ltr'>suis</span> <span class='ocrx_word' id='word_1_6' title='bbox 956 752 1116 826; x_wconf 80' lang='lat' dir='ltr'>additam,</span> <span class='ocrx_word' id='word_1_7' title='bbox 1136 753 1219 813; x_wconf 88' lang='lat' dir='ltr'>inter</span> 
     </span>
     <span class='ocr_line' id='line_1_3' title="bbox 206 887 1217 974; baseline 0.004 -25"><span class='ocrx_word' id='word_1_8' title='bbox 206 908 272 950; x_wconf 88' lang='lat' dir='ltr'>sese</span> <span class='ocrx_word' id='word_1_9' title='bbox 298 887 457 964; x_wconf 82' lang='lat' dir='ltr'><strong>divisisse,</strong></span> <span class='ocrx_word' id='word_1_10' title='bbox 488 889 548 951; x_wconf 88' lang='lat' dir='ltr'>nisi</span> <span class='ocrx_word' id='word_1_11' title='bbox 582 890 747 965; x_wconf 79' lang='lat' dir='ltr'>Asinium,</span> <span class='ocrx_word' id='word_1_12' title='bbox 780 891 829 953; x_wconf 91' lang='lat' dir='ltr'>cui</span> <span class='ocrx_word' id='word_1_13' title='bbox 855 890 958 954; x_wconf 85' lang='lat' dir='ltr'>Callia</span> <span class='ocrx_word' id='word_1_14' title='bbox 982 890 1145 974; x_wconf 79' lang='lat' dir='ltr'>Cisalpina</span> <span class='ocrx_word' id='word_1_15' title='bbox 1169 912 1217 953; x_wconf 89' lang='lat' dir='ltr'>re-</span> 
     </span>
     <span class='ocr_line' id='line_1_4' title="bbox 206 1026 1220 1113; baseline 0.005 -25"><span class='ocrx_word' id='word_1_16' title='bbox 206 1027 362 1089; x_wconf 76' lang='lat' dir='ltr'>mittenda</span> <span class='ocrx_word' id='word_1_17' title='bbox 393 1026 513 1104; x_wconf 79' lang='lat' dir='ltr'>tuerat,</span> <span class='ocrx_word' id='word_1_18' title='bbox 545 1050 642 1091; x_wconf 92' lang='lat' dir='ltr'>unam</span> <span class='ocrx_word' id='word_1_19' title='bbox 671 1029 710 1091; x_wconf 88' lang='lat' dir='ltr'>de</span> <span class='ocrx_word' id='word_1_20' title='bbox 744 1031 846 1093; x_wconf 91' lang='lat' dir='ltr'>tribus</span> <span class='ocrx_word' id='word_1_21' title='bbox 870 1030 918 1092; x_wconf 91' lang='lat' dir='ltr'>his</span> <span class='ocrx_word' id='word_1_22' title='bbox 942 1030 1113 1113; x_wconf 88' lang='lat' dir='ltr'>provinciis</span> <span class='ocrx_word' id='word_1_23' title='bbox 1136 1031 1220 1093; x_wconf 85' lang='lat' dir='ltr'>obti-</span> 
     </span>
     <span class='ocr_line' id='line_1_5' title="bbox 209 1167 1219 1253; baseline 0.002 -23"><span class='ocrx_word' id='word_1_24' title='bbox 209 1168 313 1230; x_wconf 88' lang='lat' dir='ltr'>nuisse</span> <span class='ocrx_word' id='word_1_25' title='bbox 337 1171 496 1251; x_wconf 90' lang='lat' dir='ltr'>putamus.</span> <span class='ocrx_word' id='word_1_26' title='bbox 532 1167 593 1232; x_wconf 87' lang='lat' dir='ltr'>Sed</span> <span class='ocrx_word' id='word_1_27' title='bbox 618 1169 795 1232; x_wconf 75' lang='lat' dir='ltr'>accuratius</span> <span class='ocrx_word' id='word_1_28' title='bbox 820 1169 900 1232; x_wconf 93' lang='lat' dir='ltr'>nihil</span> <span class='ocrx_word' id='word_1_29' title='bbox 923 1169 1073 1232; x_wconf 90' lang='lat' dir='ltr'>affirmari</span> <span class='ocrx_word' id='word_1_30' title='bbox 1097 1172 1219 1253; x_wconf 90' lang='lat' dir='ltr'>potest:</span> 
     </span>
     <span class='ocr_line' id='line_1_6' title="bbox 209 1305 1220 1395; baseline 0.004 -27"><span class='ocrx_word' id='word_1_31' title='bbox 209 1306 384 1371; x_wconf 91' lang='lat' dir='ltr'>Pollionem</span> <span class='ocrx_word' id='word_1_32' title='bbox 408 1329 482 1395; x_wconf 89' lang='lat' dir='ltr'>vero</span> <span class='ocrx_word' id='word_1_33' title='bbox 507 1305 687 1391; x_wconf 81' lang='lat' dir='ltr'>Cisalpinae</span> <span class='ocrx_word' id='word_1_34' title='bbox 710 1307 882 1392; x_wconf 82' lang='lat' dir='ltr'>praefuisse</span> <span class='ocrx_word' id='word_1_35' title='bbox 906 1313 979 1392; x_wconf 91' lang='lat' dir='ltr'>post</span> <span class='ocrx_word' id='word_1_36' title='bbox 1001 1309 1118 1372; x_wconf 88' lang='lat' dir='ltr'>bellum</span> <span class='ocrx_word' id='word_1_37' title='bbox 1143 1309 1220 1372; x_wconf 93' lang='lat' dir='ltr'>Phi-</span> 
     </span>
     <span class='ocr_line' id='line_1_7' title="bbox 208 1446 1220 1532; baseline 0.004 -23"><span class='ocrx_word' id='word_1_38' title='bbox 208 1447 350 1530; x_wconf 89' lang='lat' dir='ltr'>lippense</span> <span class='ocrx_word' id='word_1_39' title='bbox 384 1446 466 1509; x_wconf 92' lang='lat' dir='ltr'>nihil</span> <span class='ocrx_word' id='word_1_40' title='bbox 497 1447 597 1510; x_wconf 89' lang='lat' dir='ltr'>docet.</span> <span class='ocrx_word' id='word_1_41' title='bbox 648 1447 806 1511; x_wconf 88' lang='lat' dir='ltr'>Habuerit</span> <span class='ocrx_word' id='word_1_42' title='bbox 829 1448 929 1532; x_wconf 82' lang='lat' dir='ltr'>igitur</span> <span class='ocrx_word' id='word_1_43' title='bbox 952 1448 1121 1512; x_wconf 81' lang='lat' dir='ltr'>Ventidius</span> <span class='ocrx_word' id='word_1_44' title='bbox 1145 1471 1220 1532; x_wconf 89' lang='lat' dir='ltr'>pro·</span> 
     </span>
     <span class='ocr_line' id='line_1_8' title="bbox 208 1584 1220 1664; baseline 0.001 -15"><span class='ocrx_word' id='word_1_45' title='bbox 208 1587 345 1650; x_wconf 84' lang='lat' dir='ltr'>vinciam</span> <span class='ocrx_word' id='word_1_46' title='bbox 377 1585 638 1664; x_wconf 84' lang='lat' dir='ltr'>Narbonensem,</span> <span class='ocrx_word' id='word_1_47' title='bbox 663 1584 799 1650; x_wconf 88' lang='lat' dir='ltr'>Calenus</span> <span class='ocrx_word' id='word_1_48' title='bbox 822 1584 999 1652; x_wconf 86' lang='lat' dir='ltr'>Comatam.</span> <span class='ocrx_word' id='word_1_49' title='bbox 1047 1585 1135 1649; x_wconf 89' lang='lat' dir='ltr'>Bello</span> <span class='ocrx_word' id='word_1_50' title='bbox 1160 1586 1220 1650; x_wconf 92' lang='lat' dir='ltr'>Pe-</span> 
     </span>
     <span class='ocr_line' id='line_1_9' title="bbox 209 1725 1219 1809; baseline 0 -20"><span class='ocrx_word' id='word_1_51' title='bbox 209 1727 315 1790; x_wconf 90' lang='lat' dir='ltr'>rusino</span> <span class='ocrx_word' id='word_1_52' title='bbox 338 1725 484 1790; x_wconf 84' lang='lat' dir='ltr'>confecto</span> <span class='ocrx_word' id='word_1_53' title='bbox 508 1727 653 1809; x_wconf 87' lang='lat' dir='ltr'>(ineunte</span> <span class='ocrx_word' id='word_1_54' title='bbox 676 1749 726 1789; x_wconf 90' lang='lat' dir='ltr'>an.</span> <span class='ocrx_word' id='word_1_55' title='bbox 754 1727 809 1808; x_wconf 83' lang='lat'>40)</span> <span class='ocrx_word' id='word_1_56' title='bbox 835 1729 915 1790; x_wconf 87' lang='lat' dir='ltr'>duae</span> <span class='ocrx_word' id='word_1_57' title='bbox 938 1725 1060 1790; x_wconf 86' lang='lat' dir='ltr'>Calliae</span> <span class='ocrx_word' id='word_1_58' title='bbox 1082 1728 1219 1789; x_wconf 91' lang='lat' dir='ltr'>transal-</span> 
     </span>
     <span class='ocr_line' id='line_1_10' title="bbox 208 1862 1219 1951; baseline 0.002 -24"><span class='ocrx_word' id='word_1_59' title='bbox 208 1865 317 1947; x_wconf 88' lang='lat' dir='ltr'>pinae,</span> <span class='ocrx_word' id='word_1_60' title='bbox 347 1888 366 1927; x_wconf 93' lang='grc'>4</span> <span class='ocrx_word' id='word_1_61' title='bbox 397 1862 531 1930; x_wconf 79' lang='lat' dir='ltr'>Caesare</span> <span class='ocrx_word' id='word_1_62' title='bbox 561 1868 748 1950; x_wconf 80' lang='lat' dir='ltr'>occupatae,</span> <span class='ocrx_word' id='word_1_63' title='bbox 782 1888 798 1930; x_wconf 89' lang='lat' dir='ltr'>e</span> <span class='ocrx_word' id='word_1_64' title='bbox 827 1888 959 1930; x_wconf 94' lang='lat' dir='ltr'>numero</span> <span class='ocrx_word' id='word_1_65' title='bbox 983 1867 1219 1951; x_wconf 89' lang='lat' dir='ltr'>provinciarum</span> 
     </span>
    </p>
   </div>
   <div class='ocr_carea' id='block_1_3' title="bbox 209 2005 853 2089">
    <p class='ocr_par' dir='ltr' id='par_1_3' title="bbox 209 2005 853 2089">
     <span class='ocr_line' id='line_1_11' title="bbox 209 2005 853 2089; baseline 0.003 -21"><span class='ocrx_word' id='word_1_66' title='bbox 209 2005 352 2068; x_wconf 90' lang='lat' dir='ltr'>Antonio</span> <span class='ocrx_word' id='word_1_67' title='bbox 376 2005 558 2088; x_wconf 89' lang='lat' dir='ltr'>parentium</span> <span class='ocrx_word' id='word_1_68' title='bbox 581 2007 746 2089; x_wconf 77' lang='lat' dir='ltr'>exemptae</span> <span class='ocrx_word' id='word_1_69' title='bbox 769 2010 853 2070; x_wconf 90' lang='lat' dir='ltr'>sunt.</span> 
     </span>
    </p>
   </div>
   <div class='ocr_carea' id='block_1_4' title="bbox 254 2143 1441 2228">
    <p class='ocr_par' dir='ltr' id='par_1_4' title="bbox 254 2143 1441 2228">
     <span class='ocr_line' id='line_1_12' title="bbox 254 2143 1441 2228; baseline -0.003 -20"><span class='ocrx_word' id='word_1_70' title='bbox 254 2144 398 2209; x_wconf 89' lang='lat' dir='ltr'>Antonio</span> <span class='ocrx_word' id='word_1_71' title='bbox 429 2147 555 2228; x_wconf 86' lang='lat' dir='ltr'>praeter</span> <span class='ocrx_word' id='word_1_72' title='bbox 586 2144 705 2209; x_wconf 85' lang='lat' dir='ltr'>Callias</span> <span class='ocrx_word' id='word_1_73' title='bbox 732 2146 828 2208; x_wconf 87' lang='lat' dir='ltr'>eliam</span> <span class='ocrx_word' id='word_1_74' title='bbox 852 2144 944 2208; x_wconf 86' lang='lat' dir='ltr'>Bruti</span> <span class='ocrx_word' id='word_1_75' title='bbox 969 2149 1001 2208; x_wconf 91' lang='grc'>44</span> <span class='ocrx_word' id='word_1_76' title='bbox 1024 2143 1123 2208; x_wconf 86' lang='lat' dir='ltr'>Cassii</span> <span class='ocrx_word' id='word_1_77' title='bbox 1145 2167 1219 2228; x_wconf 91' lang='lat' dir='ltr'>pro·</span> <span class='ocrx_word' id='word_1_78' title='bbox 1322 2151 1323 2154; x_wconf 74' lang='grc'>’</span> <span class='ocrx_word' id='word_1_79' title='bbox 1440 2147 1441 2152; x_wconf 74' lang='grc'>’</span> 
     </span>
    </p>
   </div>
   <div class='ocr_carea' id='block_1_5' title="bbox 209 2283 1326 2508">
    <p class='ocr_par' dir='ltr' id='par_1_5' title="bbox 209 2283 1326 2508">
     <span class='ocr_line' id='line_1_13' title="bbox 209 2283 1220 2386; baseline -0.002 -38"><span class='ocrx_word' id='word_1_80' title='bbox 209 2286 330 2349; x_wconf 87' lang='lat' dir='ltr'>vinciae</span> <span class='ocrx_word' id='word_1_81' title='bbox 361 2285 541 2368; x_wconf 80' lang='lat' dir='ltr'>assignatae</span> <span class='ocrx_word' id='word_1_82' title='bbox 571 2288 649 2348; x_wconf 90' lang='lat' dir='ltr'>sunt</span> <span class='ocrx_word' id='word_1_83' title='bbox 681 2287 696 2347; x_wconf 88' lang='lat'>1</span> <span class='ocrx_word' id='word_1_84' title='bbox 731 2285 896 2386; x_wconf 72' lang='lat' dir='ltr'>Illpricum</span> <span class='ocrx_word' id='word_1_85' title='bbox 928 2287 960 2348; x_wconf 88' lang='lat' dir='ltr'>et</span> <span class='ocrx_word' id='word_1_86' title='bbox 991 2283 1169 2361; x_wconf 87' lang='lat' dir='ltr'>Dalmatia,</span> <span class='ocrx_word' id='word_1_87' title='bbox 1188 2285 1220 2366; x_wconf 85' lang='grc' dir='ltr'>Ι2</span> 
     </span>
     <span class='ocr_line' id='line_1_14' title="bbox 210 2409 1326 2508; baseline -0.001 -20"><span class='ocrx_word' id='word_1_88' title='bbox 210 2424 395 2488; x_wconf 85' lang='lat' dir='ltr'>Macedonia</span> <span class='ocrx_word' id='word_1_89' title='bbox 419 2430 452 2487; x_wconf 91' lang='lat' dir='ltr'>et</span> <span class='ocrx_word' id='word_1_90' title='bbox 474 2409 614 2500; x_wconf 84' lang='lat' dir='ltr'>Achaia,</span> <span class='ocrx_word' id='word_1_91' title='bbox 640 2426 660 2488; x_wconf 84' lang='lat'><strong>3</strong></span> <span class='ocrx_word' id='word_1_92' title='bbox 683 2423 776 2502; x_wconf 88' lang='lat' dir='ltr'>Asia,</span> <span class='ocrx_word' id='word_1_93' title='bbox 802 2426 823 2489; x_wconf 89' lang='grc'>4</span> <span class='ocrx_word' id='word_1_94' title='bbox 846 2423 1000 2508; x_wconf 85' lang='lat' dir='ltr'>Bithynia</span> <span class='ocrx_word' id='word_1_95' title='bbox 1023 2427 1057 2488; x_wconf 91' lang='lat' dir='ltr'>et</span> <span class='ocrx_word' id='word_1_96' title='bbox 1079 2425 1218 2500; x_wconf 89' lang='lat' dir='ltr'>Pontus,</span> <span class='ocrx_word' id='word_1_97' title='bbox 1324 2459 1326 2463; x_wconf 96' lang='lat'>·</span> 
     </span>
    </p>
   </div>
   <div class='ocr_carea' id='block_1_6' title="bbox 210 2560 1219 2648">
    <p class='ocr_par' dir='ltr' id='par_1_6' title="bbox 210 2560 1219 2648">
     <span class='ocr_line' id='line_1_15' title="bbox 210 2560 1219 2648; baseline 0.001 -21"><span class='ocrx_word' id='word_1_98' title='bbox 210 2564 228 2627; x_wconf 87' lang='lat'>5</span> <span class='ocrx_word' id='word_1_99' title='bbox 261 2562 373 2630; x_wconf 87' lang='lat' dir='ltr'>Cilicia</span> <span class='ocrx_word' id='word_1_100' title='bbox 404 2568 436 2627; x_wconf 97' lang='grc'>44</span> <span class='ocrx_word' id='word_1_101' title='bbox 464 2560 607 2648; x_wconf 83' lang='lat' dir='ltr'>Cyprus,</span> <span class='ocrx_word' id='word_1_102' title='bbox 641 2563 793 2648; x_wconf 61' lang='grc'>684144,</span> <span class='ocrx_word' id='word_1_103' title='bbox 819 2565 837 2628; x_wconf 85' lang='grc'><strong>7</strong></span> <span class='ocrx_word' id='word_1_104' title='bbox 863 2561 958 2628; x_wconf 89' lang='lat' dir='ltr'>Creta</span> <span class='ocrx_word' id='word_1_105' title='bbox 979 2567 1011 2628; x_wconf 90' lang='grc'>44</span> <span class='ocrx_word' id='word_1_106' title='bbox 1036 2563 1219 2647; x_wconf 79' lang='lat' dir='ltr'>Cyrenaica.</span> 
     </span>
    </p>
   </div>
   <div class='ocr_carea' id='block_1_7' title="bbox 118 2705 1236 4050">
    <p class='ocr_par' dir='ltr' id='par_1_7' title="bbox 211 2705 612 2788">
     <span class='ocr_line' id='line_1_16' title="bbox 211 2705 612 2788; baseline 0 -19"><span class='ocrx_word' id='word_1_107' title='bbox 211 2705 382 2769; x_wconf 88' lang='lat' dir='ltr'>Videamus</span> <span class='ocrx_word' id='word_1_108' title='bbox 405 2706 444 2768; x_wconf 92' lang='lat' dir='ltr'>de</span> <span class='ocrx_word' id='word_1_109' title='bbox 467 2705 612 2788; x_wconf 84' lang='lat' dir='ltr'>singulis.</span> 
     </span>
    </p>

    <p class='ocr_par' dir='ltr' id='par_1_8' title="bbox 118 2841 1236 4050">
     <span class='ocr_line' id='line_1_17' title="bbox 256 2841 1221 2931; baseline -0.004 -23"><span class='ocrx_word' id='word_1_110' title='bbox 256 2847 285 2908; x_wconf 90' lang='lat'>1.</span> <span class='ocrx_word' id='word_1_111' title='bbox 309 2845 348 2909; x_wconf 92' lang='lat' dir='ltr'>In</span> <span class='ocrx_word' id='word_1_112' title='bbox 374 2846 535 2931; x_wconf 69' lang='lat' dir='ltr'>Illyricam</span> <span class='ocrx_word' id='word_1_113' title='bbox 558 2846 598 2908; x_wconf 91' lang='lat' dir='ltr'>ad</span> <span class='ocrx_word' id='word_1_114' title='bbox 623 2845 742 2908; x_wconf 90' lang='lat' dir='ltr'>bellum</span> <span class='ocrx_word' id='word_1_115' title='bbox 766 2866 837 2908; x_wconf 92' lang='lat' dir='ltr'>cum</span> <span class='ocrx_word' id='word_1_116' title='bbox 861 2843 1024 2907; x_wconf 88' lang='lat' dir='ltr'>Parthinis</span> <span class='ocrx_word' id='word_1_117' title='bbox 1048 2841 1221 2927; x_wconf 85' lang='lat' dir='ltr'>gerendum</span> 
     </span>
     <span class='ocr_line' id='line_1_18' title="bbox 118 2967 1218 3067; baseline -0.004 -17"><span class='ocrx_word' id='word_1_118' title='bbox 118 2967 120 2970; x_wconf 4' lang='lat' dir='ltr'>A</span> <span class='ocrx_word' id='word_1_119' title='bbox 209 2984 245 3051; x_wconf 89' lang='lat' dir='ltr'>C.</span> <span class='ocrx_word' id='word_1_120' title='bbox 270 2985 401 3049; x_wconf 83' lang='lat' dir='ltr'>Asinius</span> <span class='ocrx_word' id='word_1_121' title='bbox 423 2985 525 3048; x_wconf 91' lang='lat' dir='ltr'>Pollio</span> <span class='ocrx_word' id='word_1_122' title='bbox 549 2985 662 3048; x_wconf 90' lang='lat' dir='ltr'>missus</span> <span class='ocrx_word' id='word_1_123' title='bbox 684 2987 749 3060; x_wconf 81' lang='lat' dir='ltr'>est,</span> <span class='ocrx_word' id='word_1_124' title='bbox 773 2984 888 3067; x_wconf 90' lang='lat' dir='ltr'>quiec</span> <span class='ocrx_word' id='word_1_125' title='bbox 912 2983 970 3046; x_wconf 86' lang='lat' dir='ltr'>sub</span> <span class='ocrx_word' id='word_1_126' title='bbox 994 2982 1051 3045; x_wconf 91' lang='lat' dir='ltr'>fin.</span> <span class='ocrx_word' id='word_1_127' title='bbox 1075 2983 1153 3045; x_wconf 92' lang='lat' dir='ltr'>anni</span> <span class='ocrx_word' id='word_1_128' title='bbox 1176 2983 1218 3046; x_wconf 88' lang='grc'>40</span> 
     </span>
     <span class='ocr_line' id='line_1_19' title="bbox 210 3121 1222 3208; baseline -0.002 -20"><span class='ocrx_word' id='word_1_129' title='bbox 210 3125 369 3208; x_wconf 84' lang='lat' dir='ltr'>profectus</span> <span class='ocrx_word' id='word_1_130' title='bbox 392 3125 526 3189; x_wconf 91' lang='lat' dir='ltr'>Antonii</span> <span class='ocrx_word' id='word_1_131' title='bbox 547 3124 670 3207; x_wconf 79' lang='lat' dir='ltr'>legatus</span> <span class='ocrx_word' id='word_1_132' title='bbox 690 3145 731 3186; x_wconf 91' lang='lat' dir='ltr'>an</span> <span class='ocrx_word' id='word_1_133' title='bbox 751 3123 827 3186; x_wconf 88' lang='lat' dir='ltr'>huic</span> <span class='ocrx_word' id='word_1_134' title='bbox 845 3123 1027 3205; x_wconf 84' lang='lat' dir='ltr'>provinciae</span> <span class='ocrx_word' id='word_1_135' title='bbox 1044 3121 1222 3206; x_wconf 88' lang='lat' dir='ltr'>praefectus</span> 
     </span>
     <span class='ocr_line' id='line_1_20' title="bbox 212 3227 1236 3350; baseline -0.005 -22"><span class='ocrx_word' id='word_1_136' title='bbox 212 3264 324 3341; x_wconf 82' lang='grc'>444144,</span> <span class='ocrx_word' id='word_1_137' title='bbox 356 3265 512 3328; x_wconf 87' lang='lat' dir='ltr'>incertum</span> <span class='ocrx_word' id='word_1_138' title='bbox 546 3266 603 3327; x_wconf 89' lang='lat' dir='ltr'>est.</span> <span class='ocrx_word' id='word_1_139' title='bbox 650 3261 711 3340; x_wconf 84' lang='lat' dir='ltr'>Sed</span> <span class='ocrx_word' id='word_1_140' title='bbox 741 3261 887 3324; x_wconf 88' lang='lat' dir='ltr'>hostibus</span> <span class='ocrx_word' id='word_1_141' title='bbox 917 3227 994 3325; x_wconf 83' lang='lat' dir='ltr'>fusis</span> <span class='ocrx_word' id='word_1_142' title='bbox 1023 3261 1143 3324; x_wconf 82' lang='lat' dir='ltr'>Romae</span> <span class='ocrx_word' id='word_1_143' title='bbox 1166 3261 1236 3350; x_wconf 51' lang='lat' dir='ltr'>tri-¹</span> 
     </span>
     <span class='ocr_line' id='line_1_21' title="bbox 212 3401 1223 3488; baseline -0.002 -22"><span class='ocrx_word' id='word_1_144' title='bbox 212 3405 379 3488; x_wconf 88' lang='lat' dir='ltr'>umphavit</span> <span class='ocrx_word' id='word_1_145' title='bbox 412 3404 462 3467; x_wconf 88' lang='lat' dir='ltr'>die</span> <span class='ocrx_word' id='word_1_146' title='bbox 499 3402 556 3466; x_wconf 89' lang='grc' dir='ltr'>25ο</span> <span class='ocrx_word' id='word_1_147' title='bbox 591 3424 632 3476; x_wconf 73' lang='lat' dir='ltr'>m,</span> <span class='ocrx_word' id='word_1_148' title='bbox 670 3401 739 3466; x_wconf 86' lang='lat' dir='ltr'>Oct.</span> <span class='ocrx_word' id='word_1_149' title='bbox 777 3402 828 3466; x_wconf 82' lang='lat'>39.</span> <span class='ocrx_word' id='word_1_150' title='bbox 877 3401 965 3464; x_wconf 89' lang='lat' dir='ltr'>Haec</span> <span class='ocrx_word' id='word_1_151' title='bbox 981 3433 982 3436; x_wconf 37' lang='lat'>¹</span> <span class='ocrx_word' id='word_1_152' title='bbox 997 3401 1106 3464; x_wconf 90' lang='lat' dir='ltr'>omnia</span> <span class='ocrx_word' id='word_1_153' title='bbox 1130 3406 1223 3478; x_wconf 83' lang='lat' dir='ltr'>sunt,</span> 
     </span>
     <span class='ocr_line' id='line_1_22' title="bbox 211 3541 1226 3627; baseline -0.001 -21"><span class='ocrx_word' id='word_1_154' title='bbox 211 3566 291 3627; x_wconf 90' lang='lat' dir='ltr'>quae</span> <span class='ocrx_word' id='word_1_155' title='bbox 322 3545 361 3607; x_wconf 96' lang='lat' dir='ltr'>de</span> <span class='ocrx_word' id='word_1_156' title='bbox 389 3543 534 3627; x_wconf 78' lang='lat' dir='ltr'>Illyrico,</span> <span class='ocrx_word' id='word_1_157' title='bbox 570 3542 622 3605; x_wconf 90' lang='grc' dir='ltr'>Μ..</span> <span class='ocrx_word' id='word_1_158' title='bbox 639 3541 777 3605; x_wconf 86' lang='lat' dir='ltr'>Antonii</span> <span class='ocrx_word' id='word_1_159' title='bbox 799 3542 983 3625; x_wconf 82' lang='lat' dir='ltr'>provincia,</span> <span class='ocrx_word' id='word_1_160' title='bbox 1007 3541 1226 3624; x_wconf 84' lang='lat' dir='ltr'>cognovimus.</span> 
     </span>
     <span class='ocr_line' id='line_1_23' title="bbox 150 3679 1228 3764; baseline -0.005 -17"><span class='ocrx_word' id='word_1_161' title='bbox 150 3695 155 3702; x_wconf 81' lang='grc'><strong>“</strong></span> <span class='ocrx_word' id='word_1_162' title='bbox 213 3681 384 3747; x_wconf 89' lang='lat' dir='ltr'>Dubitatur</span> <span class='ocrx_word' id='word_1_163' title='bbox 415 3685 524 3746; x_wconf 88' lang='lat' dir='ltr'>tamen</span> <span class='ocrx_word' id='word_1_164' title='bbox 559 3704 601 3744; x_wconf 92' lang='lat' dir='ltr'>an</span> <span class='ocrx_word' id='word_1_165' title='bbox 631 3681 710 3743; x_wconf 88' lang='lat' dir='ltr'>haec</span> <span class='ocrx_word' id='word_1_166' title='bbox 739 3679 903 3764; x_wconf 89' lang='lat' dir='ltr'>provincia</span> <span class='ocrx_word' id='word_1_167' title='bbox 933 3679 1018 3742; x_wconf 90' lang='lat' dir='ltr'>inter</span> <span class='ocrx_word' id='word_1_168' title='bbox 1041 3700 1093 3742; x_wconf 86' lang='grc'>444</span> <span class='ocrx_word' id='word_1_169' title='bbox 1116 3700 1228 3742; x_wconf 91' lang='lat' dir='ltr'>nume·</span> 
     </span>
     <span class='ocr_line' id='line_1_24' title="bbox 211 3819 1229 3914; baseline -0.006 -26"><span class='ocrx_word' id='word_1_170' title='bbox 211 3826 310 3888; x_wconf 89' lang='lat' dir='ltr'>randa</span> <span class='ocrx_word' id='word_1_171' title='bbox 335 3819 395 3900; x_wconf 87' lang='lat' dir='ltr'>sit,</span> <span class='ocrx_word' id='word_1_172' title='bbox 422 3846 502 3906; x_wconf 87' lang='lat' dir='ltr'>quae</span> <span class='ocrx_word' id='word_1_173' title='bbox 527 3822 673 3887; x_wconf 89' lang='lat' dir='ltr'>Antonio</span> <span class='ocrx_word' id='word_1_174' title='bbox 698 3843 735 3883; x_wconf 87' lang='lat' dir='ltr'>ex</span> <span class='ocrx_word' id='word_1_175' title='bbox 754 3823 848 3914; x_wconf 85' lang='lat' dir='ltr'>pacto</span> <span class='ocrx_word' id='word_1_176' title='bbox 867 3819 1066 3903; x_wconf 91' lang='lat' dir='ltr'>Philippensi</span> <span class='ocrx_word' id='word_1_177' title='bbox 1085 3820 1229 3883; x_wconf 86' lang='lat' dir='ltr'>decretae</span> 
     </span>
     <span class='ocr_line' id='line_1_25' title="bbox 211 3963 336 4050; baseline -0.024 -20"><span class='ocrx_word' id='word_1_178' title='bbox 211 3963 336 4050; x_wconf 74' lang='lat' dir='ltr'>sunt1).</span> 
     </span>
    </p>
   </div>
   <div class='ocr_carea' id='block_1_8' title="bbox 209 4081 403 4096">
    <p class='ocr_par' dir='ltr' id='par_1_9' title="bbox 209 4081 403 4096">
     <span class='ocr_line' id='line_1_26' title="bbox 209 4081 403 4096; baseline 0 0"><span class='ocrx_word' id='word_1_179' title='bbox 209 4081 403 4096; x_wconf 42' lang='grc' dir='ltr'>-Ρὴ-</span> 
     </span>
    </p>
   </div>
   <div class='ocr_carea' id='block_1_9' title="bbox 245 4127 799 4194">
    <p class='ocr_par' dir='ltr' id='par_1_10' title="bbox 245 4127 799 4194">
     <span class='ocr_line' id='line_1_27' title="bbox 245 4127 799 4194; baseline -0.009 -15"><span class='ocrx_word' id='word_1_180' title='bbox 245 4131 272 4194; x_wconf 84' lang='grc'>1)</span> <span class='ocrx_word' id='word_1_181' title='bbox 290 4133 438 4187; x_wconf 85' lang='lat' dir='ltr'>Mommsen,</span> <span class='ocrx_word' id='word_1_182' title='bbox 458 4130 504 4175; x_wconf 86' lang='lat' dir='ltr'>Res</span> <span class='ocrx_word' id='word_1_183' title='bbox 521 4127 605 4176; x_wconf 81' lang='lat' dir='ltr'>Gestae</span> <span class='ocrx_word' id='word_1_184' title='bbox 624 4127 655 4178; x_wconf 85' lang='grc' dir='ltr'>Ι).</span> <span class='ocrx_word' id='word_1_185' title='bbox 672 4127 699 4173; x_wconf 84' lang='lat' dir='ltr'>A.</span> <span class='ocrx_word' id='word_1_186' title='bbox 720 4142 740 4189; x_wconf 89' lang='lat' dir='ltr'>p.</span> <span class='ocrx_word' id='word_1_187' title='bbox 760 4127 799 4174; x_wconf 79' lang='lat'>69.</span> 
     </span>
    </p>
   </div>
   <div class='ocr_carea' id='block_1_10' title="bbox 0 0 1565 5086">
    <p class='ocr_par' dir='ltr' id='par_1_11' title="bbox 0 0 1565 5086">
     <span class='ocr_line' id='line_1_28' title="bbox 0 0 1565 5086; baseline 0 0"><span class='ocrx_word' id='word_1_188' title='bbox 0 0 1565 5086; x_wconf 95' lang='lat' dir='ltr'> </span> 
     </span>
    </p>
   </div>
  </div>
 </body>
</html>
