3106 5086
698 489 740 554 23

208 725 401 806 reportasse,
438 725 487 787 vel
522 726 634 789 saltem
666 728 887 810 imperatoriae
917 730 1141 812 appellationis
1164 735 1220 795 ad-

206 864 377 926 sumendae
400 864 517 928 iustam
542 886 574 927 se
598 863 714 928 habere
735 887 862 930 eausam
884 871 1019 949 putasse.
1045 869 1220 936 Maximum

205 1020 279 1064 vero
304 1005 528 1084 argumentum
553 1004 592 1067 ad
618 1003 700 1067 hano
724 1025 789 1068 rem
813 1005 1010 1087 probandam
1033 1006 1107 1069 inde
1127 1007 1218 1083 dueo,

205 1141 289 1222 quod
318 1141 352 1202 in
376 1142 542 1224 permultis
566 1143 606 1205 ad
630 1165 701 1206 eum
724 1144 961 1226 pertinentibus
986 1145 1124 1208 nummis
1146 1144 1218 1209 An-

203 1279 311 1343 tonius
334 1281 410 1365 imp.
436 1282 489 1346 Ill
513 1304 575 1346 eos.
601 1285 665 1346 des.
691 1283 743 1346 ΙΙΙ
767 1281 964 1366 appellatur;
988 1305 1051 1365 quo
1074 1286 1217 1367 tempore

202 1440 279 1502 argo
310 1422 477 1486 eonsulatu
507 1423 606 1486 altero
638 1424 806 1488 defunctus
837 1425 900 1487 fuit
927 1424 1119 1505 titulumque
1150 1445 1217 1491 eos.

202 1561 267 1624 des.
299 1560 352 1623 III
387 1562 511 1648 nomini
544 1564 708 1646 apposuit,
741 1565 773 1626 id
808 1568 856 1627 est
889 1564 963 1646 post
998 1585 1117 1626 annum
1154 1565 1215 1639 34,

200 1697 303 1763 adhue
325 1700 402 1783 imp.
427 1701 480 1764 III
504 1705 581 1764 erat.
630 1701 724 1765 Unde
748 1703 953 1786 consequitur
977 1723 1211 1786 causamquar-

199 1839 251 1902 tae
282 1838 483 1902 salutationis
517 1862 582 1903 non
616 1862 700 1903 anno
726 1843 786 1918 34,
811 1843 864 1905 sed
891 1843 953 1925 33,
979 1843 1039 1924 32,
1071 1842 1122 1904 vel
1144 1841 1213 1924 ipso

200 1978 240 2041 31
267 1977 453 2044 eliciendam
478 2001 553 2043 esse.
602 1979 682 2054 Quia
706 1982 791 2044 enim
815 1980 979 2045 Antonius
1003 1981 1113 2044 eonsul
1138 2001 1211 2063 epo·

196 2141 312 2202 nymus
338 2120 362 2202 ¹)
386 2120 464 2183 anni
489 2121 532 2183 34
553 2124 765 2202 memoratur,
788 2143 823 2184 eo
847 2141 933 2183 anno
956 2120 1069 2184 titulus
1094 2140 1156 2182 eos.
1177 2118 1212 2181 ΙΙ

197 2279 260 2322 eos.
293 2263 346 2322 des
377 2259 430 2323 HI
461 2281 480 2322 a
512 2259 563 2323 III
588 2260 656 2322 viro
680 2259 803 2322 adsumi
826 2261 969 2342 poterat,
994 2279 1060 2321 non
1083 2260 1211 2342 poterat

196 2399 309 2462 titulus
342 2420 402 2462 eos.
429 2402 491 2462 des.
518 2399 587 2475 III,
612 2419 705 2481 quem
729 2401 856 2462 demum
875 2410 949 2482 post
972 2397 1106 2460 alterum
1130 2416 1209 2458 oon·

194 2536 333 2600 sulatum
357 2537 464 2621 gessit.

240 2676 300 2752 oui
319 2678 357 2741 de
378 2678 427 2742 his
447 2679 540 2742 rebus
561 2678 785 2762 quaesiverunt
796 2677 918 2741 Flekhel
930 2675 1121 2758 Borghesius
1134 2675 1208 2753 alii,

194 2819 235 2882 ad
247 2840 345 2881 unum
354 2839 464 2882 omnes
472 2817 540 2882 sine
553 2817 618 2880 ulla
630 2816 830 2880 dubitatione
842 2837 968 2879 eausam
980 2814 1073 2878 huius
1085 2813 1204 2878 saluta·

193 2957 290 3022 tionis
309 2957 475 3022 victoriam
495 2956 718 3021 Armeniaeam
735 2955 826 3039 (anni
840 2956 895 3039 34)
907 2976 973 3018 esse
985 2954 1205 3029 erediderunt,

193 3100 246 3163 sed
269 3102 306 3163 ut
326 3099 473 3163 omittam
496 3098 555 3162 hae
577 3097 706 3161 illorum
730 3097 853 3160 ratione
875 3099 1003 3178 aoaepta
1023 3116 1061 3157 ex
1081 3055 1203 3157 dnobus

191 3238 285 3302 annis
305 3238 378 3322 (33,
400 3239 456 3322 32)
476 3238 581 3301 nullos
599 3256 746 3300 nummos
769 3236 810 3299 ab
834 3234 977 3299 Antonio
998 3235 1102 3298 valeo
1127 3254 1201 3296 auo·

190 3381 259 3441 tore
302 3399 393 3442 eusos
427 3379 565 3440 aetatem
598 3375 725 3451 tulisse,
762 3396 827 3438 non
863 3376 996 3457 apparet
1030 3374 1106 3456 quid
1141 3373 1201 3436 sibi
1263 3357 1265 3362 ¹

188 3515 290 3580 velint
312 3505 462 3580 victoriae
483 3514 639 3598 imagines
662 3513 802 3577 nummis
826 3534 922 3595 supra
944 3512 1125 3576 memoratis
1138 3512 1198 3574 im·

187 3677 329 3740 pressae,
353 3656 467 3720 deinde
486 3676 541 3719 eur
563 3653 716 3718 Armenia
739 3652 862 3716 devicta
883 3651 1021 3714 nummis
1044 3650 1107 3714 suis
1126 3650 1197 3733 glo-

221 3938 248 4002 1)
266 3940 338 3988 Klein
361 3939 424 3988 Fasti
447 3939 536 3989 consul.
559 3958 582 4005 p.
606 3943 622 3988 4
645 3944 724 3989 annot.
750 3940 773 3988 o.
791 3968 824 3976 -
841 3943 950 3988 Aetatem
967 3938 1027 3999 tulit
1042 3955 1139 3999 aureus,
1159 3939 1196 3989 eni

185 4019 339 4086 inscriptum:
375 4023 558 4070 Ill-ANToNl
575 4039 579 4047 ·
597 4025 625 4070 M
642 4039 646 4048 ·
663 4024 700 4070 F·
719 4025 747 4070 M
764 4023 1193 4072 ·N·AVG·IMP·'l¹IlRT·COS·

170 4098 491 4167 'lunanrmonaia
509 4103 814 4154 uanum-vian-
830 4105 901 4152 P·C.
994 4169 995 4172 Ἴ
