3106 5086
869 506 888 570 8

413 747 598 832 Antequam
628 747 666 811 de
697 746 741 812 Μ.
768 745 914 810 Antonio
936 745 1126 830 imperatore
1150 766 1242 830 agere
1266 766 1383 830 aggre-

370 889 493 967 dimur,
528 887 637 972 paucis
672 886 914 952 admonebimus
949 885 1175 950 salutationem
1210 885 1282 950 duci
1313 889 1386 950 tum

368 1025 496 1089 demum
533 1026 721 1110 contigisse,
758 1047 829 1090 oum
863 1025 970 1090 hostes
1004 1025 1196 1110 reipublicae
1226 1025 1302 1089 victi
1334 1047 1385 1090 es-

371 1168 444 1230 sent
470 1164 515 1252 ¹);
548 1165 626 1250 quin
659 1167 755 1230 otiam
786 1189 936 1231 numerus
965 1165 1124 1245 hostium,
1149 1166 1264 1250 quibus
1286 1166 1387 1230 caesis

370 1325 450 1390 opus
474 1310 559 1385 erat,
583 1309 693 1391 postea
713 1307 907 1371 constitutus
925 1311 988 1371 ost:
1009 1307 1151 1391 quinque
1162 1306 1290 1370 milibus
1302 1327 1384 1390 opus

368 1443 464 1510 fuisse
496 1445 643 1511 Valerius
674 1446 835 1512 Maximus
865 1450 999 1511 testatur
1023 1447 1061 1530 ²).
1085 1446 1197 1530 Itaque
1220 1444 1256 1512 C.
1279 1445 1384 1510 Anto·

371 1587 443 1651 nius
462 1585 672 1669 reprehensus
696 1590 761 1670 est,
786 1587 871 1670 quod
895 1587 999 1651 minus
1024 1608 1119 1670 quam
1139 1587 1223 1651 iusto
1243 1587 1385 1652 hostium
1474 1620 1476 1624 v

368 1745 501 1788 numero
532 1724 634 1789 occiso
665 1723 865 1809 imperatoris
888 1726 1018 1790 titulum
1042 1727 1213 1809 accepisset
1237 1727 1271 1811 ³).
1321 1725 1381 1791 Ul-

367 1863 457 1928 timis
480 1885 554 1930 roro
573 1864 690 1929 liberae
708 1855 901 1951 reipublicae
912 1864 1107 1948 temporibus
1120 1884 1251 1928 numero
1263 1884 1382 1948 magno

367 2024 438 2068 non
468 2025 590 2090 semper
621 2025 700 2088 opus
724 2004 819 2070 fuisse
844 2027 881 2070 ex
905 2004 1048 2090 Appiani
1070 2005 1252 2070 testimonio
1278 2006 1303 2090 ⁴)
1326 2025 1381 2087 ap-

368 2148 478 2231 paret,
512 2146 567 2229 qui
596 2146 695 2210 tradit
718 2144 887 2210 Curionem
911 2145 1035 2230 aliquot
1057 2145 1268 2210 Numidarum
1291 2145 1380 2229 equi·
1405 2164 1407 2169 ·

367 2286 453 2350 tibus
477 2283 597 2369 fugatis
619 2285 843 2368 imperatorem
866 2307 932 2349 esse
956 2285 1139 2350 salutatum.
1172 2284 1262 2360 Quod
1274 2287 1381 2348 autem

367 2425 504 2488 diximus
549 2423 657 2487 hostes
703 2424 894 2509 reipublicae
936 2425 1055 2489 occisos
1095 2426 1222 2488 tantum
1262 2424 1379 2487 iustam

367 2563 525 2649 triumphi
556 2585 683 2628 causam
710 2564 821 2642 fuisse,
852 2564 936 2628 hanc
965 2565 1158 2629 sententiam
1182 2586 1250 2628 non
1272 2566 1379 2628 redar·
1440 2541 1450 2556 κ

369 2705 440 2791 guit
472 2705 585 2770 Dionis
616 2705 705 2770 locus
728 2707 770 2790 ⁵):
804 2713 924 2787 Καῖσαρ
946 2706 1140 2787 αὐτοκράτωρ
1164 2706 1215 2770 καὶ
1242 2706 1298 2771 ὑπὸ
1324 2715 1379 2780 τῆς
1469 2767 1472 2772 ,

366 2848 482 2926 βουλῆς
520 2848 570 2911 sal
609 2847 665 2911 ὑπὸ
696 2854 754 2912 τῶν
786 2855 978 2928 στρατιωτῶν
1015 2848 1191 2926 ὠνομάσθη,
1228 2848 1380 2936 quoniam

367 2986 484 3054 Caesar
503 2987 588 3061 bello
611 2986 787 3051 Mutinensi
810 2984 1008 3062 Antonium,
1032 2985 1157 3068 hostem
1179 2984 1380 3067 reipublicae,

366 3129 602 3213 profligaverat.
650 3124 770 3191 Contra
805 3146 908 3207 neque
942 3121 1105 3187 Antonius
1135 3143 1239 3205 neque
1265 3121 1381 3186 Caesar

368 3269 488 3354 proelio
520 3269 606 3350 apud
636 3262 803 3348 Philippos
832 3263 1005 3344 imperator
1036 3260 1191 3323 salutatus
1214 3243 1279 3334 est,
1304 3258 1379 3341 quia

368 3413 501 3493 uterque
524 3406 607 3470 cives
630 3403 788 3468 occiderat
810 3402 847 3487 ⁶).

361 3545 524 3559 —1-—0—

402 3624 430 3689 1)
448 3623 501 3672 vu.
520 3622 586 3670 nu.
604 3621 645 3678 11,
663 3621 678 3668 s
698 3620 712 3681 ς
730 3617 752 3669 τ.
825 3617 853 3682 a)
872 3615 928 3666 ibid.
948 3617 989 3676 11,
1008 3619 1023 3666 s
1042 3617 1056 3678 s
1075 3617 1097 3666 1.
1170 3601 1197 3681 s)
1216 3615 1262 3666 nio
1280 3615 1320 3676 ss,
1337 3618 1378 3665 40.

401 3708 430 3772 4)
448 3707 477 3754 B.
502 3705 528 3753 C.
555 3704 599 3762 ll,
625 3704 665 3750 44.
693 3702 807 3749 Ceterum
832 3699 954 3764 oppianus
978 3714 1104 3749 numerum
1125 3701 1205 3764 prodit
1222 3708 1322 3769 μυρίων,
1340 3699 1381 3762 qui

366 3809 394 3843 ex
414 3793 451 3843 sui
473 3792 588 3858 temporis
611 3790 704 3839 ratione
728 3791 796 3843 datus
822 3803 870 3838 csse
891 3790 993 3840 videtur.
1020 3791 1048 3840 ci.
1067 3791 1215 3850 Mommsen,
1234 3793 1380 3841 sstaatsr.

365 3879 393 3926 1²
412 3893 435 3941 p.
455 3877 503 3924 122
520 3892 541 3926 a.
560 3877 583 3924 3.

398 3947 488 4022 spes,
507 3960 546 4007 ss.
1238 4009 1239 4012 ,

398 4041 483 4106 o)1ta
506 4056 584 4104 neque
609 4042 695 4090 Caesar
716 4041 772 4107 imp.
797 4041 958 4092 consalutatus
975 4045 1011 4091 cst
1026 4044 1081 4107 post
1097 4057 1202 4106 pugnem
1219 4039 1398 4090 Pharsalicam'

363 4127 423 4172 teste
440 4123 553 4173 Cicerone
571 4123 648 4192 (Phil.
667 4125 754 4174 llIlIl.
774 4127 788 4188 ξ
806 4125 860 4192 23).
