3104 5084
782 455 821 520 72

322 700 504 780 acceperat,
528 701 719 781 praestaret,
743 697 907 762 Antonius
930 721 949 762 a
972 698 1106 782 collega,
1131 701 1168 762 ut
1179 699 1343 763 auxilium

318 837 425 914 ferret,
453 842 584 921 rogatus
607 859 679 900 oum
703 838 802 901 classe
821 839 1037 902 trecentarum
1056 839 1188 902 navium
1200 839 1343 903 Tarenti

318 978 444 1062 appulit
466 979 550 1062 (vere
573 979 639 1062 37).
687 976 825 1041 Foedere
847 977 893 1040 ibi
916 998 983 1041 non
994 977 1126 1066 minime
1137 976 1341 1041 conciliante

317 1118 450 1185 Octavia
468 1119 532 1183 icto
556 1121 743 1196 sanxerunt,
767 1121 804 1181 ut
826 1117 990 1182 Antonius
1012 1140 1031 1182 a
1055 1116 1190 1184 Caesare
1213 1118 1341 1202 viginti

316 1258 403 1324 milia
434 1259 571 1323 militum
602 1261 714 1322 mutua
743 1260 898 1333 sumeret,
930 1257 1059 1322 Caesari
1096 1257 1164 1341 ipse
1195 1249 1361 1322 centum

316 1405 349 1466 et
382 1400 499 1485 viginti
527 1421 624 1463 naves
659 1395 934 1480 commodaret,¹).
984 1398 1072 1464 Haec
1103 1398 1213 1463 classis
1239 1421 1340 1485 prae·

315 1539 397 1603 tecto
420 1538 458 1605 T.
481 1536 607 1604 Statilio
627 1537 731 1606 Tauro
755 1537 887 1606 Tarenti
911 1540 1081 1608 stationem
1106 1541 1198 1625 cepit.
1229 1541 1338 1606 Anno

316 1681 356 1746 37
389 1680 532 1747 Caesaris
565 1682 695 1746 classem
727 1682 797 1746 Sex.
830 1683 981 1767 Pompeio
1006 1682 1125 1746 bellum
1151 1682 1337 1746 inlaturam

315 1823 500 1907 gravissime
525 1823 706 1888 afflixerunt
728 1827 948 1908 tempestates,
972 1847 1051 1909 quas
1087 1824 1220 1901 Taurus,
1246 1828 1338 1888 tcm-

314 1964 383 2047 pori
415 1963 589 2028 Tarentum
625 1985 783 2042 reversus,
820 1965 949 2049 effugit3
985 1988 1055 2030 cum
1090 1988 1127 2029 ea
1162 1967 1201 2029 de
1232 1987 1337 2030 causa

312 2103 432 2167 bellum
456 2124 522 2167 non
547 2105 622 2166 ante
645 2105 798 2167 aestatem
819 2103 898 2166 anni
918 2105 961 2168 36
979 2105 1046 2187 geri
1068 2106 1215 2187 coeptum
1235 2109 1333 2182 esset,

311 2243 399 2307 vario
422 2243 560 2327 primum
585 2246 700 2307 eventu
723 2251 902 2327 pugnatum
926 2245 989 2325 est,
1014 2245 1068 2305 sed
1092 2242 1223 2304 tandem
1247 2265 1274 2304 a.
1296 2237 1334 2308 d.

312 2383 364 2446 111
388 2381 463 2447 Non
487 2381 574 2465 Sept.
599 2385 639 2445 ed
664 2381 867 2446 Naulochum
891 2405 910 2446 a
934 2380 977 2444 M.
1003 2380 1158 2465 Vipsanio
1180 2378 1334 2465 Agrippa

312 2521 373 2587 Sex
404 2522 547 2604 Pompeii
571 2521 680 2585 classis
703 2521 775 2584 fusa
798 2521 973 2604 fugataque
997 2524 1052 2584 eet.
1102 2520 1196 2583 Tunc
1218 2517 1331 2582 Sicilia

310 2673 496 2744 recuperata
527 2661 734 2724 Antonianae
766 2682 882 2743 naves,
907 2659 1022 2743 quibus
1049 2680 1225 2744 peremne
1248 2658 1329 2723 illud

310 2803 435 2882 tempus
465 2799 588 2862 Taurus
617 2800 815 2883 praefuerat,
848 2821 955 2882 rursus
979 2800 1155 2864 Tarentum
1178 2799 1330 2862 remissae

312 2944 402 3006 sunt:
434 2941 519 3025 quod
551 2941 667 3004 accidit
697 2946 772 3005 ante
804 2940 946 3007 Caesaris
973 2941 1156 3004 ovationem
1183 2939 1329 3003 habitam

177 3156 179 3159 ¹
312 3082 361 3146 Id.
386 3081 468 3145 Nou.
489 3047 627 3145 eiusdem
652 3082 738 3145 anni.
788 3081 921 3146 Ineunte
945 3103 1031 3144 anno
1056 3081 1097 3145 35
1123 3081 1234 3145 classis
1260 3082 1329 3145 An·

312 3222 446 3285 toniana
477 3222 618 3285 Tarento
646 3221 681 3285 in
711 3221 874 3310 Orientem
901 3223 1033 3287 revertit
1055 3225 1092 3306 ²),
1116 3221 1171 3285 ubi
1196 3222 1327 3285 dimidio

312 3362 378 3426 fere
408 3360 513 3424 minor
545 3360 720 3445 (Antonius
744 3361 874 3425 dederat
899 3363 962 3426 130
987 3383 1103 3438 naves,
1130 3361 1171 3425 70
1199 3363 1328 3426 tantum

314 3503 446 3587 sospites
469 3501 645 3586 redierunt)
665 3501 742 3564 Titii
762 3507 794 3565 et
814 3500 924 3564 Turnii
943 3501 1175 3585 praefectorum
1189 3504 1331 3567 navibus

314 3642 421 3706 addita
445 3643 494 3705 est
517 3644 558 3704 ad
577 3639 647 3705 Sex.
671 3639 858 3723 Pompeium
882 3641 1119 3705 debellandum.
1170 3695 1171 3698 ,
1238 3685 1242 3692 -

307 3803 454 3817 *—

347 3913 371 3971 1)
389 3913 451 3976 App.
466 3912 494 3960 B.
514 3913 540 3961 C.
560 3913 590 3960 V.
610 3912 653 3970 95,
673 3912 712 3960 98.
1102 3943 1104 3946 -

339 3995 364 4054 2)
384 3993 461 4041 Simul
484 3997 550 4057 petet
572 3993 681 4041 denarios
706 3993 841 4042 exhibentes
858 3998 994 4059 tropaeum,
1013 3997 1079 4045 cuins
1095 3996 1150 4060 pedi
1168 4013 1242 4059 prora
1262 4002 1332 4052 navio

306 4075 396 4124 adiecta
412 4078 459 4132 est,
479 4091 545 4124 cusos
561 4091 611 4124 esse
628 4089 690 4123 anno
708 4075 739 4122 35
757 4074 798 4138 (cf.
817 4092 889 4141 snpra
906 4093 959 4141 pag.
978 4078 1035 4138 22).
