3106 5086
724 460 744 522 3

227 695 290 760 suis
315 695 488 779 imperator
514 694 538 776 ¹)
563 697 696 761 salutari
718 699 840 780 potest,
865 718 928 782 quo
956 698 1087 762 nomine
1109 700 1239 782 accepto

226 836 343 900 iustam
367 835 465 900 habet
488 857 635 914 causam,
659 858 715 901 cur
737 837 777 902 ad
801 840 946 901 senatum
969 837 1091 903 litteras
1114 839 1239 902 laurea-

226 979 275 1040 tas
297 975 418 1041 mittat.
463 976 524 1040 His
547 977 685 1062 acceptis
708 999 726 1041 a
750 980 863 1042 senatu
882 979 1130 1062 supplicationes
1143 982 1240 1064 atque

225 1115 286 1198 ipsi
314 1115 500 1200 imperatori
527 1116 687 1201 praesenti
710 1115 738 1202 ²)
769 1117 949 1206 triumphus
974 1119 1100 1183 decerni
1122 1116 1240 1204 potest.
1294 1113 1297 1118 ’

225 1252 277 1319 Ad
299 1276 368 1320 rem
391 1255 616 1320 illustrandam
642 1254 803 1322 Ciceronis
825 1258 1005 1341 exemplum
1028 1259 1144 1336 affero,
1168 1259 1239 1344 qui,

225 1417 298 1460 cum
329 1417 387 1479 pro
417 1395 546 1460 consule
567 1394 697 1460 Ciliciae
719 1399 893 1480 praeesset,
920 1399 1052 1482 propter
1073 1399 1239 1465 victoriam

226 1540 311 1621 apud
340 1537 502 1601 Amanum
534 1541 677 1601 montem
705 1541 900 1623 reportatam
923 1539 1096 1624 imperator
1120 1542 1239 1607 saluta·

225 1679 277 1741 tus
305 1681 354 1742 est
377 1677 499 1762 (mense
523 1677 592 1743 Oct.
618 1677 657 1742 51
686 1701 714 1743 a.
740 1701 767 1744 o.
792 1680 849 1762 n).
896 1679 964 1754 Qua
986 1680 1091 1757 inani„
1112 1685 1150 1746 ut
1171 1682 1239 1767 ipse

226 1816 304 1882 dicit
329 1818 364 1903 ³),
389 1818 603 1902 appellatione
626 1817 802 1883 honoratus
826 1841 880 1903 spe
909 1820 1177 1902 supplicationum
1206 1824 1239 1886 et

223 1955 378 2041 triumphi
400 1959 546 2041 suscepta
568 1956 640 2021 illas
664 1957 690 2044 ⁴)
715 1958 852 2042 accepit,
878 1919 1033 2044 triumphi
1057 1961 1162 2024 autem
1182 1961 1239 2026 ho·

224 2118 332 2161 norem
365 2117 432 2160 non
456 2097 588 2181 adeptus
612 2100 670 2164 est.
716 2097 890 2183 Postquam
913 2099 999 2164 enim
1022 2101 1125 2166 medio
1151 2123 1237 2166 anno

225 2236 267 2302 50
287 2241 453 2321 quaestore
473 2237 655 2321 provinciae
672 2238 853 2322 praeposito
876 2240 1025 2318 decessit,
1050 2242 1132 2326 prid.
1150 2243 1237 2310 Non.

225 2379 294 2442 Ian.
330 2378 370 2442 ad
406 2378 518 2441 urbem
551 2378 701 2443 accedens
735 2377 770 2442 in
799 2378 902 2463 ipsam
931 2379 1046 2446 incidit
1074 2381 1236 2450 flammam

224 2520 333 2584 civilis·
356 2519 530 2584 discordiae
560 2519 645 2584 inter
675 2516 842 2585 Caesarem
863 2524 896 2585 et
918 2521 1104 2606 Pompeium
1128 2526 1170 2610 Ε);
1197 2527 1237 2590 ad

223 2660 334 2724 urbem
366 2658 502 2736 mansit,
526 2659 601 2743 quia
627 2658 706 2722 urbe
728 2658 848 2723 intrata
869 2659 1037 2743 imperium
1061 2683 1237 2745 proconsu-

224 2799 289 2863 lare
323 2799 496 2862 amissurus
526 2800 602 2861 erat
652 2796 750 2860 Initio
780 2796 858 2860 anni
888 2817 952 2880 quo
983 2797 1145 2862 decretum
1175 2799 1239 2865 fuit

226 2939 285 3000 »ut
307 2941 381 3000 ante
405 2937 525 3001 certum
550 2936 633 3000 diem
656 2936 828 3000 exercitum
852 2935 1028 3002 dimitteret
1051 2935 1182 3026 (laesam
1211 2941 1238 3005 si

225 3100 291 3142 non
324 3077 460 3154 faceret,
497 3098 569 3140 eum
599 3075 747 3140 adversus
777 3098 877 3161 remp.
909 3075 1069 3143 facturum
1104 3080 1237 3167 videri'',

224 3325 316 3378 aaronis
341 3325 403 3374 male
427 3324 549 3374 intellecto
572 3324 606 3373 ita
629 3324 749 3390 scripsisse
772 3324 875 3374 videtur.
910 3327 1009 3377 Affirmo
1031 3329 1106 3393 igitur
1123 3334 1193 3384 duces
1209 3336 1238 3386 ab

224 3406 330 3456 exercitu
354 3407 509 3472 imperatores
531 3406 645 3466 salutari,
669 3403 724 3456 eum
742 3405 823 3456 autem
840 3407 940 3458 titulum
958 3425 972 3458 s
988 3414 1072 3462 senatu
1088 3416 1168 3466 retum
1186 3418 1238 3467 fieri

223 3489 310 3547 solere,
336 3504 390 3538 cum
417 3502 501 3538 eornm
527 3487 662 3538 nominibus
688 3488 714 3538 in
738 3490 760 3536 S.
788 3489 814 3538 C.
842 3489 964 3540 scribendo
986 3492 1080 3556 publice
1098 3497 1237 3550 adderetur:

226 3569 315 3635 nrmp.’'
333 3599 364 3607 -
766 3636 768 3640 Ι

259 3652 285 3716 1)
314 3653 360 3700 Vix
384 3669 443 3718 opus
465 3655 501 3701 est
524 3655 551 3702 ut
567 3667 677 3702 moneam
696 3652 882 3717 imperatorium
899 3668 985 3703 nomen
1002 3656 1041 3704 hic
1059 3673 1086 3706 eo
1103 3674 1171 3710 sensu
1188 3676 1239 3726 epe·

224 3733 278 3781 ciali
304 3734 372 3798 poni,
399 3735 428 3782 de
453 3750 500 3797 quo
517 3736 578 3798 App.
603 3736 630 3782 B.
650 3734 676 3783 Ο.
696 3735 739 3792 ΙΙ,
757 3735 803 3792 44,
822 3750 877 3784 cum
895 3751 989 3795 omnes,
1007 3738 1120 3800 quicum
1138 3741 1239 3806 irnperio

223 3818 291 3873 sunt,
310 3815 466 3879 imperatores
483 3815 598 3880 appellari
617 3818 716 3881 possunt
734 3832 802 3865 sensu
820 3817 934 3880 generali.

256 3897 283 3962 2)
309 3897 433 3945 Praesenti
449 3897 587 3962 triumphus
603 3897 784 3948 decernebatur:
803 3899 852 3950 (lic.
871 3898 934 3948 Phil.
955 3900 1033 3961 ΧΙΙΙ,
1053 3902 1081 3960 4,
1101 3904 1122 3953 9.

257 3979 282 4039 3)
307 3979 345 4027 Ad
362 3980 412 4027 Att.
431 3979 460 4026 V.
479 3978 524 4037 20,
542 3981 567 4030 4.
736 3981 763 4044 4)
791 3981 828 4028 Ad
847 3981 1004 4031 Fam'XIV.
1024 3984 1053 4043 5,
1071 3984 1095 4035 2.

311 4060 348 4108 Ad
366 4061 430 4110 Fam.
450 4060 522 4109 XVI.
540 4062 584 4120 11,
603 4063 631 4110 2..
