3106 5086
696 491 740 553 77

210 725 354 792 Antonio
386 705 601 809 provinciam,
633 727 684 791 cui
707 728 925 812 proconsulari
948 727 1081 811 imperio
1106 726 1151 792 M.
1175 726 1224 792 Si·

209 866 318 928 lanum
357 870 554 950 quaestorem
589 865 805 949 praefecisset,
843 869 1017 951 regendam
1048 871 1226 951 susceptam

210 1027 276 1069 esse
307 1027 439 1088 eamque
469 1005 566 1070 fuisse
597 1004 816 1070 Macedoniam
848 1009 881 1069 ot
909 1004 1079 1082 Achaiam,
1104 1006 1138 1068 in
1163 1028 1227 1089 qua

210 1148 351 1230 tempore
385 1147 576 1231 proditionis
611 1147 711 1210 Silani
745 1145 909 1210 Antonius
944 1146 1140 1210 versabatur.
1193 1145 1226 1211 si

210 1285 287 1351 baec
314 1308 388 1351 vera
412 1292 501 1364 sunt,
529 1287 691 1364 denarius,
719 1309 813 1370 quem
836 1287 940 1371 primo
963 1287 1033 1351 loco
1057 1286 1222 1370 descripsi,

209 1447 301 1490 ausus
325 1429 373 1490 est
395 1426 499 1511 priore
522 1429 612 1511 parte
636 1426 713 1489 anni
738 1427 779 1490 32
803 1425 854 1490 vel
877 1426 940 1489 iam
964 1446 1050 1489 anno
1064 1427 1117 1503 33,
1130 1448 1225 1509 quem
1250 1397 1251 1400 .

210 1569 346 1630 secundo
376 1566 447 1629 loco
478 1566 588 1650 posui,
611 1529 785 1649 posteriore
808 1567 898 1649 parte
922 1567 1000 1630 anni
1025 1566 1125 1630 32111
1149 1587 1224 1650 pro-

207 1706 313 1770 vincia
336 1707 524 1772 Macedonia
547 1708 580 1770 ct
603 1704 727 1770 Achaia
750 1706 896 1789 signatus
919 1709 977 1772 est.

619 2001 812 2019 μ

689 2239 747 2309 VI.

253 2437 357 2527 Caput
384 2442 521 2505 Antonii
544 2441 830 2524 nudumimberbe
854 2443 956 2504 dextr.
985 2401 1220 2505 M ANTON'1VS

300 2579 815 2629 mansuevit-inruunt·

254 2712 281 2776 ip
305 2695 408 2781 Caput
432 2697 581 2763 Octaviae
604 2699 706 2762 dextr.
731 2687 1216 2762 accommodans-arran·

297 2853 578 2902 iri-viauae·
597 2839 750 2922 (aureus).

251 2961 375 3061 (Ochen
399 2978 483 3043 Me'd.
507 2976 607 3062 Imp.⁵¹
630 2978 647 3042 Ι
669 2999 742 3062 pag.
768 2978 830 3056 52,
857 2979 895 3054 13
918 3000 948 3041 v.
973 2977 1049 3043 Sall.
1069 2977 1220 3042 Zeitschr.

209 3114 305 3180 1875.
329 3140 361 3201 p.
387 3118 476 3203 aaa).
520 3151 522 3154 -
1213 3103 1216 3108 '

226 3399 396 3468 Alterum
421 3403 663 3487 argumentum,
689 3413 752 3487 q'uo
776 3398 981 3468 Friedlttnder
996 3400 1018 3490 ¹)
1051 3403 1221 3470 adducitur

155 3558 159 3566 ·
205 3545 243 3605 ut
271 3543 444 3626 imaginem
475 3543 662 3606 muliebrem
693 3543 767 3607 huic
794 3564 889 3607 aureo
912 3544 1098 3627 impressam
1116 3542 1219 3606 'Octa-

205 3682 274 3746 viae
305 3704 370 3746 esse
401 3687 515 3766 neget,
545 3704 583 3745 ex
614 3682 808 3765 temporibus
839 3681 989 3746 Octaviae
1021 3685 1053 3746 et
1084 3681 1220 3746 Antonii

204 3824 301 3906 petit:
326 3843 393 3885 non
417 3822 483 3886 veri
505 3821 607 3884 simile
631 3843 696 3886 esse
719 3822 826 3886 uxoris
850 3821 988 3886 Antonii
1000 3822 1171 3906 imaginem
1182 3823 1218 3886 in

239 4048 266 4112 1)
284 4065 306 4096 v.
325 4049 381 4097 Sall.
401 4049 514 4098 zeitschr.
533 4051 597 4102 1875
615 4068 639 4115 p.
657 4052 719 4108 289;
744 4053 772 4100 of.
792 4068 863 4117 supra
880 4069 932 4118 pag.
951 4056 990 4103 40.
1018 4055 1104 4105 Trdscr
1120 4057 1148 4104 dc
1166 4058 1217 4105 Nu·

205 4129 282 4179 mism.
300 4134 325 4179 et
341 4133 370 4180 de
387 4130 484 4196 Glypt:
501 4131 609 4196 iconogr.
626 4133 665 4181 des
682 4134 751 4198 Ilmp.
770 4135 838 4183 Rom.
857 4135 889 4199 pl.
908 4138 948 4196 11,
968 4137 1005 4187 n⁰.
1024 4139 1069 4198 12,
1080 4139 1127 4192 13.
