3106 5086
862 480 903 543 12

342 787 345 792 ⁴
372 718 432 780 rat.
480 715 519 780 ln
545 717 677 781 dubium
701 717 807 783 vocari
832 738 898 781 non
922 720 1044 802 potest,
1069 716 1147 799 quin
1171 713 1333 800 Antonius
1362 717 1397 777 et

375 855 490 922 Caesar
514 860 646 923 ovantes
669 859 780 923 urbem
792 857 992 934 introierint,
1012 857 1066 921 eod
1078 859 1208 941 propter
1218 854 1303 919 hane
1314 874 1394 917 ova·

373 996 494 1061 tionem
527 1017 580 1062 eos
603 998 810 1082 imperatores
834 997 987 1061 salutatos
1011 1018 1094 1073 esse,
1118 996 1168 1060 vel
1192 999 1266 1080 post
1288 995 1321 1058 id
1343 993 1395 1078 ip·

373 1158 444 1201 sum
474 1157 593 1201 nomen
617 1140 783 1222 acceptum
810 1137 991 1202 ovationem
1015 1135 1181 1219 habuisse,
1204 1135 1238 1200 id
1261 1134 1394 1219 quidem

374 1274 496 1342 factum
520 1297 586 1340 esse
610 1275 699 1341 nullo
724 1276 818 1340 modo
842 1276 1022 1359 persuaderi
1046 1274 1125 1339 mihi
1148 1276 1276 1358 poterit.
1311 1275 1393 1376 Ete-

375 1417 443 1482 nim
476 1440 549 1482 oum
579 1417 641 1482 nisi
667 1420 799 1502 propter
822 1438 870 1481 ree
895 1417 1027 1481 militiae
1051 1419 1157 1500 gestas
1182 1420 1276 1481 duces
1301 1437 1393 1480 exer-

375 1559 457 1624 eitus
486 1580 523 1622 ea
555 1557 768 1643 appellatione
800 1579 975 1642 numquam
1006 1558 1112 1622 ornati
1146 1559 1212 1622 sint
1242 1559 1286 1643 (et
1320 1561 1393 1621 toto

376 1699 464 1763 eoelo
497 1698 596 1761 distat
627 1719 689 1780 pax
720 1720 739 1761 a
769 1696 891 1761 lllriris
914 1696 1031 1782 faeta),
1055 1700 1123 1761 tum
1147 1719 1265 1776 nomen
1288 1697 1394 1781 impe-

375 1837 489 1902 ratoris
520 1836 685 1920 triumpho
719 1838 789 1901 aeto
814 1837 994 1921 deponitur.
1041 1836 1110 1912 Qua
1134 1838 1172 1901 de
1195 1859 1289 1902 eausa
1313 1859 1393 1902 oon-

375 1981 425 2043 tra
456 1999 583 2042 omnem
612 1977 769 2040 rationem
801 1975 914 2054 facies,
946 1976 973 2040 si
995 1976 1080 2040 hane
1103 1975 1327 2040 salutationem
1352 1997 1394 2040 ex

375 2116 445 2201 ipsa
483 2116 630 2181 ovatione
666 2138 813 2188 emanare
844 2116 1022 2180 credideris.
1069 2116 1106 2180 ld
1140 2117 1240 2200 igitur
1274 2117 1393 2180 rationi

376 2255 612 2339 Borghesianae
648 2256 772 2332 obstat,
806 2254 891 2339 quod
925 2254 1049 2319 etiamsi
1080 2252 1212 2318 Antonii
1244 2253 1393 2318 salutati·

375 2415 468 2460 onem
500 2393 739 2478 imperatoriam
769 2414 854 2457 anno
885 2395 927 2456 40
958 2394 1106 2457 iteratam
1137 2414 1204 2456 osse
1227 2392 1391 2471 donemur,

374 2537 407 2600 id
433 2535 546 2610 saltem
570 2534 807 2599 eoncedendum
832 2536 917 2612 erat,
936 2532 1117 2597 Antonium
1140 2533 1216 2617 imp.
1242 2533 1273 2597 ΙΙ
1296 2532 1393 2596 fuisse

376 2673 451 2738 inde
472 2695 491 2738 a
513 2672 639 2738 foedere
662 2674 726 2738 icto
750 2695 849 2759 usque
872 2675 912 2738 ad
935 2673 1118 2742 ovationem,
1139 2673 1283 2738 habitam
1303 2694 1391 2736 eum-

315 2807 320 2813 ’
378 2834 439 2898 que
473 2813 574 2897 igitur
608 2835 665 2898 per
700 2814 823 2898 aliquot
858 2811 937 2879 anni
973 2816 1015 2880 40
1049 2837 1172 2880 menses
1204 2815 1265 2879 hoe
1295 2776 1391 2879 titulo

380 2975 471 3018 usum
507 2975 582 3019 esse.
631 2952 715 3018 Luoe
747 2956 853 3019 autem
887 2924 1002 3019 elarius
1033 2953 1088 3031 fit,
1112 2975 1206 3037 quam
1233 2954 1391 3038 improba·

377 3094 474 3160 bilem
507 3068 701 3179 Borgheeius
733 3095 890 3159 rationem
922 3093 1047 3170 inierit,
1071 3094 1188 3179 quippe
1211 3115 1306 3177 quam
1330 3093 1392 3176 ipsi

378 3235 502 3299 nummi
537 3235 691 3298 damnent
720 3235 832 3299 titulos
859 3234 1059 3309 exhibentem
1095 3233 1149 3315 qui
1181 3231 1270 3294 nullo
1295 3232 1389 3294 modo

377 3375 462 3440 inter
492 3357 528 3438 ee
557 3375 779 3439 consentiunt:
813 3373 894 3438 altor
925 3373 1012 3458 (imp.
1045 3372 1087 3457 ΙΙ)
1119 3372 1205 3474 enim
1236 3393 1322 3436 anno
1347 3371 1390 3436 40

379 3515 476 3580 finem
496 3517 638 3600 caperet,
660 3536 731 3578 oum
752 3513 833 3578 alter
854 3513 927 3601 (ooo.
951 3513 1013 3577 des.
1034 3511 1076 3600 ll)
1092 3535 1177 3578 anno
1193 3515 1233 3578 39
1245 3513 1390 3597 incipiat.

424 3654 487 3720 Hie
524 3653 656 3719 fortasse
693 3653 807 3737 aliquis
843 3652 933 3716 mihi.
956 3653 1071 3719 obiciet
1095 3676 1114 3718 a
1136 3652 1258 3718 lllvirie
1289 3653 1393 3737 priseo

381 3816 466 3860 more
501 3814 629 3878 prorsus
647 3793 806 3878 ,neglecto
838 3794 934 3858 etiam
958 3795 1106 3859 ovatione
1129 3794 1239 3860 habita
1262 3789 1393 3857 titulum

379 3934 579 4018 imperatoris
603 3934 635 4000 ll
657 3935 788 3999 retineri
809 3935 959 4020 potuisse.
1006 3931 1054 3998 De
1079 3935 1172 3999 titulo
1194 3935 1394 4020 imperatoris

358 4075 487 4161 ¹primo
515 4078 661 4161 accepto,
686 4076 736 4141 oni
759 4075 901 4152 Illviris,
927 4079 963 4140 ut
989 4075 1131 4161 videtur,
1155 4075 1247 4140 simul
1273 4079 1304 4140 et
1329 4075 1395 4159 sig-
