3106 5086
890 469 931 534 14

401 705 486 782 beri,
507 705 582 789 quia
605 707 697 770 aliter
715 708 797 772 ratio
818 708 884 772 eius
903 707 1171 773 acclamationum
1191 729 1257 772 non
1279 709 1423 788 constet,

401 845 429 910 ei
455 845 582 929 quidem
605 867 673 910 non
697 848 834 912 multum
855 846 1061 914 tribuendum
1085 848 1142 911 est.
1190 844 1306 910 Omnia
1330 845 1424 909 anim

348 1059 350 1064 ,
400 985 439 1050 de
471 983 604 1051 Caesare
633 987 709 1070 imp.
743 991 817 1052 anta
847 990 970 1052 sextam
1001 987 1246 1082 appellationem
1276 1005 1362 1070 vaga
1387 990 1425 1050 et

400 1126 522 1192 incerta
558 1131 650 1206 sunt,
686 1148 784 1212 quare
813 1127 846 1191 id
877 1129 1005 1192 tantum
1036 1127 1151 1191 dixisse
1182 1126 1258 1191 satis
1282 1125 1361 1205 erit,
1388 1131 1425 1192 et

402 1265 567 1333 Gaesarem
599 1271 632 1333 et
661 1267 842 1333 Antonium
873 1291 942 1334 eam
974 1269 1156 1333 ovationem
1195 1268 1322 1351 quidem
1359 1266 1424 1332 ha-

340 1449 343 1454 <
401 1407 523 1486 baisse,
556 1412 610 1474 sed
641 1408 701 1473 hac
732 1409 801 1494 ipsa
830 1430 864 1473 re
887 1429 954 1473 non
978 1408 1189 1473 demonstrari
1211 1410 1342 1492 propter
1368 1409 1423 1475 vel

400 1551 475 1633 post
509 1547 593 1613 hanc
626 1549 808 1614 ovationem
843 1570 897 1614 eos
926 1549 1131 1633 imperatores
1159 1569 1225 1613 esse
1248 1548 1420 1615 salutatos.

402 1687 486 1754 Nam
506 1685 648 1754 Caesaris
668 1689 897 1773 appellationes
916 1689 976 1753 hoo
997 1690 1092 1753 modo
1112 1689 1252 1754 ordinari
1263 1695 1422 1773 possunt:

401 1828 477 1912 imp.
510 1827 527 1891 Ι
557 1829 596 1891 de
627 1828 711 1893 bello
744 1828 919 1896 Mutinensi
951 1849 1037 1894 anno
1068 1826 1171 1914 431);
1202 1829 1279 1914 imp.
1314 1827 1349 1894 ΙΙ
1383 1852 1425 1894 ex

401 1968 484 2032 bello
508 1967 663 2033 Perusino
687 1989 773 2032 anno
797 1968 838 2032 41
854 1965 899 2054 ’);
923 1968 1000 2052 imp.
1027 1968 1077 2034 ΙΙΙ
1100 1971 1231 2054 propter
1250 1968 1423 2036 victoriam

402 2131 421 2174 a
451 2107 486 2173 C.
519 2108 685 2172 Carrinate
716 2130 732 2172 e
764 2107 869 2174 Gallia
899 2110 1092 2192 reportatam
1126 2109 1152 2193 ³)
1183 2129 1268 2173 anno
1301 2110 1343 2173 39
1375 2111 1423 2196 ⁴);

401 2250 479 2334 imp.
504 2249 574 2314 IIII
598 2271 636 2314 cx
660 2247 744 2313 bello
767 2246 874 2313 Siculo
898 2268 984 2312 anno
1006 2248 1047 2313 36
1060 2249 1105 2333 8);
1126 2247 1204 2332 imp.
1225 2247 1265 2311 V.
1287 2253 1424 2333 propter

401 2386 566 2452 Dalmatas
589 2387 746 2472 mcms⁶);
769 2387 847 2471 imp.
872 2385 920 2451 VI
946 2385 1091 2450 debello
1114 2385 1248 2452 Actiaco
1260 2389 1296 2472 ⁷).

447 2526 480 2592 Si
502 2527 602 2612 igitur
626 2549 684 2592 nec
707 2526 840 2591 victoria
863 2524 1077 2610 Philippensis
1101 2547 1160 2590 nec
1186 2547 1250 2609 pax
1268 2524 1422 2590 Brundu-
1504 2597 1507 2608 .

401 2664 472 2734 sina
503 2668 647 2734 Antonio
677 2668 808 2732 alteram
841 2638 1065 2732 salutationem
1089 2665 1217 2744 attulit,
1241 2687 1321 2750 quae
1344 2667 1422 2730 tan·
1500 2653 1501 2656 ¹

401 2810 473 2874 dem
495 2809 581 2873 illius
604 2801 699 2873 causa
722 2808 819 2872 fuerit
841 2808 905 2899 iarn
928 2829 1127 2892 quaeramus.

446 2949 537 3015 Duae
567 2948 719 3012 victoriae
749 2970 768 3011 a
798 2947 1005 3031 scriptoribus
1037 2946 1236 3029 celebrantur
1271 2945 1421 3028 auspiciis

401 3089 538 3155 Antonii
562 3111 580 3152 a
603 3089 639 3152 P.
663 3087 816 3152 Ventidio
844 3085 938 3148 Basso
962 3086 1159 3178 reportatae,
1196 3106 1276 3168 quae
1294 3084 1422 3150 {liviri

411 3327 609 3340 ...μ-...ο

438 3496 465 3561 1)
483 3495 529 3544 Dio
548 3495 610 3542 Cass.
629 3495 673 3549 46,
694 3493 732 3540 38.
835 3489 862 3552 2)
879 3488 912 3536 id.
930 3489 976 3547 48,
995 3489 1034 3537 16.
1137 3489 1164 3554 3)
1182 3489 1214 3538 id.
1234 3490 1278 3549 51,
1297 3489 1336 3539 21.

436 3579 464 3643 4)
483 3577 548 3626 Mire
565 3589 619 3623 cum
636 3574 680 3622 hae
697 3572 789 3621 ratione
806 3569 928 3634 congruit,
947 3570 1073 3635 Borghesii
1091 3571 1178 3620 rationi
1197 3572 1335 3621 adversatur
1349 3573 1420 3622 dena-

403 3660 465 3717 rius,
489 3658 527 3707 cui
550 3656 691 3720 inscriptum
710 3649 1418 3703 lMP·DIVI·IVLI·F·'l'ER·lII·VIR·R·P·C·

404 3735 875 3804 pal-aclalPPA-cosousra,
908 3751 977 3784 cuens
1003 3752 1064 3784 anno
1091 3737 1130 3785 38.
1175 3738 1259 3801 Nuper
1285 3737 1420 3786 Mommsen

404 3821 562 3890 (Staatsrecht
588 3816 639 3868 11¹.
667 3836 690 3884 p.
717 3817 773 3868 744.
800 3834 821 3866 a.
848 3818 876 3883 2)
903 3819 1074 3868 demonstravit
1090 3819 1147 3867 haec
1164 3818 1234 3868 verba
1252 3819 1286 3867 ita
1303 3819 1421 3882 iungenda

403 3921 462 3954 esse:
491 3905 548 3968 imp.
574 3906 632 3960 tar,
659 3904 683 3950 et
709 3901 832 3950 reserenda
857 3903 909 3949 tam
927 3902 956 3949 ad
972 3917 1116 3966 praenomen
1133 3901 1291 3966 imperatori.
1303 3916 1374 3965 quam
1391 3903 1420 3950 ad

403 3987 500 4036 tertiam
519 3983 718 4034 acclamationem.

439 4071 462 4130 5)
482 4069 534 4116 Dio.
552 4066 633 4117 salo.
736 4064 763 4129 o)
780 4067 842 4129 App.
861 4064 900 4114 Ill.
919 4065 959 4113 28.
1062 4065 1086 4125 7)
1105 4066 1174 4114 Oros.
1195 4065 1237 4113 VI.
1256 4066 1297 4118 19.
