3106 5086
742 469 784 534 66

250 729 347 794 quam
382 709 423 774 ad
457 707 624 774 Gaesarem
660 707 855 794 pertinebat)
887 713 1018 794 ruptum
1040 708 1146 793 potina
1173 731 1281 793 qnam

252 851 382 934 propter
412 847 555 914 Caesaris
583 869 633 914 ree
665 848 813 914 adversas
844 849 939 933 (quae
962 847 1003 912 ad
1025 847 1117 912 illum
1140 851 1282 913 tantum

251 989 453 1074 spectabant)
478 989 634 1075 promissa
656 993 720 1072 eet,
745 993 854 1053 tamen
878 989 983 1074 priore
1006 989 1084 1053 anni
1112 989 1154 1054 38
1180 993 1282 1074 parte

253 1128 422 1194 Ventidius
445 1129 504 1194 hoe
527 1149 674 1194 nummos
698 1128 826 1212 signare
849 1128 964 1213 potuit.

299 1265 446 1332 Ceterum
466 1265 517 1332 hie
539 1267 687 1332 denarius
707 1268 1017 1352 argumentationem
1037 1270 1182 1332 nostram
1205 1271 1281 1332 sta-

254 1406 347 1472 bilire
377 1407 518 1484 videtur,
550 1428 613 1492 qua
646 1406 789 1472 Antonio
815 1409 914 1494 (anno
939 1409 995 1495 38)
1029 1413 1103 1494 post
1124 1407 1282 1473 Ventidii

255 1552 294 1613 de
317 1548 439 1614 Paooro
462 1548 628 1614 victoriam
653 1548 878 1612 salutationem
902 1548 1036 1613 alteram
1049 1547 1193 1611 oblatam
1206 1569 1282 1613 esse

254 1690 468 1775 probavimus.
516 1688 597 1764 Quia
623 1688 708 1753 enim
732 1688 911 1771 antiquitus
934 1687 1088 1752 traditum
1112 1691 1183 1752 erat
1206 1711 1283 1774 uno

183 1877 184 1880 η
254 1827 336 1891 bello
361 1828 492 1891 eundem
523 1828 635 1892 ducem
660 1849 726 1892 non
750 1827 822 1912 plus
845 1828 941 1892 semel
964 1828 1191 1912 imperatorem
1216 1851 1281 1913 ap-

256 1966 387 2052 pellari,
419 1969 452 2033 id
484 1969 597 2033 saltem
626 1968 662 2032 in
696 1988 779 2032 novo
806 1969 829 2052 ¹)
853 1967 948 2032 huius
971 1967 1060 2032 tituli
1082 1989 1142 2032 usu
1166 1988 1280 2032 serva·

256 2110 326 2170 tum
358 2110 423 2185 est,
454 2111 491 2172 ut
522 2110 652 2193 propter
683 2109 816 2173 eandem
840 2107 1007 2206 victoriam
1030 2128 1097 2172 non
1122 2107 1194 2197 duo
1212 2107 1279 2171 viri

255 2245 349 2310 simul
383 2245 592 2331 imperatores
624 2247 850 2312 salutarentur.
900 2247 1072 2313 ¹Ventidius
1106 2247 1210 2332 igitur
1249 2249 1279 2312 si

255 2385 358 2469 prima
387 2386 522 2450 victoria
543 2387 783 2473 imperatorium
807 2411 924 2454 nomen
950 2389 1082 2454 meritus
1106 2390 1174 2466 eet,
1200 2388 1279 2454 An-

254 2523 362 2587 tonius
386 2525 560 2599 necessario
583 2531 715 2612 propter
737 2530 870 2594 alteram
892 2530 1067 2615 imperator
1086 2528 1192 2594 faetus
1214 2533 1279 2596 est.

675 2825 855 2836 Ἰνῦ--Φ---ν---ο

733 3073 795 3146 ΙΙΙ.

180 3389 183 3392 ¹
302 3301 330 3365 l.
366 3301 481 3384 Capita
499 3299 610 3384 iugata
629 3300 767 3365 Antonii
785 3303 818 3364 et
839 3298 990 3365 Octaviae
1007 3301 1110 3365 dextr.
1124 3309 1279 3358 Μ·ΑΝΤ·

374 3438 920 3491 IMP·COS·DES·ITER·ET·TER·

210 3621 213 3627 ι
303 3588 350 3654 or.
375 3576 476 3642 Navis
495 3576 642 3640 velatae.
656 3621 727 3632 .....
737 3578 1279 3631 nonnnrvsoamnomaona·

301 3720 332 3780 2.
367 3715 487 3780 Eadem
507 3678 621 3800 capita.
647 3717 1232 3770 G·FONTa1vs·0AP1'r0·PRO-PR·

256 3907 422 3918 -.-..,.,,,,

291 4022 316 4085 l)
336 4023 392 4069 Ideo
418 4037 505 4078 novus,
533 4008 588 4084 quia
606 4024 674 4069 antea
696 4036 743 4068 non
766 4019 812 4068 nisi
834 4018 885 4077 ilii,
909 4017 950 4083 qui
975 4016 1024 4068 ruia
1040 4015 1153 4082 amiciis
1170 4016 1280 4068 feliciter

255 4121 305 4154 rem
323 4107 438 4169 gesseron
457 4103 613 4152 tribuebatur.
