3106 5086
842 485 885 554 24

355 725 434 790 riam
470 728 639 792 militarem
675 735 798 794 auctam
836 732 994 796 Antonius
1026 753 1091 796 non
1123 731 1370 816 significaverit,

355 868 491 951 denique
514 891 570 932 cur
594 867 654 932 Dio
678 867 823 948 (lessius,
847 893 919 934 cum
943 872 1021 936 alias
1045 893 1137 956 saepe
1156 873 1266 936 talium
1288 872 1371 936 saln-

355 1009 515 1074 tationnm
550 1011 743 1074 mentionem
779 1011 894 1088 faeiat,
931 1015 964 1074 in
1002 1011 1184 1075 narratione
1213 1010 1370 1094 triumphi

354 1148 568 1216 Alexandriae
591 1153 654 1216 acti
677 1152 758 1215 nihil
781 1151 873 1216 nobis
896 1153 1063 1216 tradiderit
1086 1153 1125 1216 de
1142 1152 1370 1236 appellatione,

355 1311 436 1373 quae
467 1291 527 1356 bac
557 1291 722 1356 occasione
754 1294 924 1376 adsumpta
946 1296 1036 1356 esset.
1084 1291 1168 1367 Quas
1192 1293 1233 1356 ob
1257 1314 1370 1357 causas

356 1435 487 1514 quartae
510 1431 696 1497 salutationi
719 1455 841 1497 annum
859 1434 899 1496 31
920 1437 952 1497 et
973 1434 1109 1517 priorem
1133 1433 1260 1516 quidem
1273 1433 1369 1496 huius

355 1571 433 1634 anni
455 1575 577 1656 partem
602 1572 833 1657 adsignandam
856 1574 945 1655 puto.
992 1570 1132 1636 Exstant
1147 1570 1269 1636 denarii
1281 1539 1368 1633 baud

354 1713 435 1789 rari,
470 1713 581 1777 titulos
613 1712 797 1776 exhibentes
828 1725 904 1776 cos'
923 1713 975 1777 ΙΙΙ
998 1714 1073 1797 imp.
1100 1713 1170 1776 IIII
1198 1734 1226 1777 a.
1252 1711 1288 1774 L.
1312 1710 1370 1772 Pi-

354 1852 443 1916 nario
477 1851 594 1936 Scarpo
618 1853 755 1937 signati,
779 1874 872 1936 quem
896 1875 967 1916 cum
992 1875 1029 1917 ex
1053 1852 1154 1916 Dione
1179 1854 1303 1916 constet
1325 1851 1367 1914 ab

353 1991 498 2055 Antonio
521 1993 687 2058 descivisse
710 1994 818 2056 statim
843 1995 916 2076 post
939 1991 1104 2057 Actiacam
1128 2013 1287 2077 pugnam,
1301 1991 1367 2082 (die

353 2134 388 2196 2⁰
413 2134 530 2198 mensis
554 2133 759 2219 Septembris)
783 2135 926 2218 ¹sequitur
948 2134 1021 2197 illos
1039 2155 1187 2197 nummos
1207 2136 1282 2196 ante
1295 2154 1365 2196 eam

351 2273 472 2337 cladem
496 2296 586 2339 cusos
610 2297 685 2339 esse.
734 2275 838 2358 Igitur
861 2274 938 2357 imp.
965 2274 1035 2337 llll
1058 2274 1162 2338 factus
1186 2295 1252 2336 esse
1277 2272 1365 2335 vide-

353 2415 407 2475 tur
430 2413 535 2495 priore
558 2413 653 2476 huius
676 2413 753 2476 anni
776 2416 875 2496 parte.

400 2552 439 2615 ln
464 2573 590 2615 causam
614 2557 719 2616 autem
744 2553 770 2616 si
792 2553 998 2636 inquirimus,
1022 2574 1131 2616 vereor
1151 2550 1363 2616 utvictoriam

354 2691 465 2755 afferre
495 2693 629 2776 possim,
661 2715 742 2776 qnae
766 2694 849 2757 tanti
873 2694 1026 2759 momenti
1050 2694 1212 2769 videatur,
1235 2694 1365 2775 propter

354 2852 450 2913 quarn
485 2832 594 2895 ducem
627 2831 806 2896 Antonium
838 2834 1061 2917 imperatorem
1096 2833 1268 2897 salutatum
1300 2852 1365 2893 esse

354 2969 501 3052 probem,
525 2972 579 3034 sed
604 2971 719 3048 exiis,
743 2994 825 3055 quae
849 2975 888 3034 de
910 2973 1022 3035 tertiae
1045 2971 1247 3034 salutationis
1271 2991 1366 3034 causa
1407 2930 1411 2936 ·

354 3110 575 3186 disseruimus,
599 3111 639 3173 ad
662 3111 861 3195 imperatoris
885 3132 1002 3174 nomen
1033 3111 1260 3194 adsumendum
1288 3109 1366 3172 satis

355 3268 420 3310 esse
443 3252 579 3331 apparet
600 3247 749 3312 salutatio
773 3271 791 3311 a
815 3247 970 3310 militibus
992 3249 1058 3311 sive
1081 3247 1193 3309 merito
1218 3246 1284 3308 sive
1303 3247 1364 3307 im·

309 3394 312 3400 '
355 3386 467 3449 merito
489 3387 523 3449 in
548 3387 658 3449 ducem
682 3386 818 3450 conlata.
867 3383 1002 3450 Causam
1020 3385 1119 3468 igitur
1131 3404 1280 3467 quaerere
1291 3402 1365 3466 pos-

353 3528 396 3592 sis
427 3528 461 3589 in
491 3527 544 3593 iis.
579 3549 659 3609 quae
684 3526 744 3590 Dio
770 3530 794 3612 ¹)
809 3526 932 3590 tradit:
958 3528 1014 3590 adv
1039 3525 1131 3604 τούτῳ
1157 3525 1226 3610 (per
1247 3524 1367 3608 primas

354 3666 432 3728 anni
454 3667 590 3750 menses)
616 3665 782 3745 ναυμαχία
807 3689 852 3737 τις
878 3666 1018 3742 ἐγένετο·
1040 3668 1052 3730 ὃ
1078 3667 1140 3746 γὰρ
1162 3665 1266 3736 Σόσιος
1281 3677 1364 3729 Λου-

354 3805 419 3868 κίου
455 3806 641 3884 ’Arpocraten
673 3808 779 3870 ναυσὶν
810 3806 931 3884 ὀλίγαις
959 3807 1160 3887 ἐφορμοῦντός
1187 3815 1291 3884 σφισιν
1316 3806 1365 3866 ἐλ-

402 4110 428 4176 l)
454 4110 500 4159 Dio
518 4111 611 4160 Cassius
630 4113 674 4170 50,
693 4112 731 4160 14.
