3106 5086
862 453 934 516 36«

374 690 550 772 netelibus,
581 691 764 774 praesertim
788 712 808 753 a
830 691 908 775 reip.
933 691 1189 774 magistratibus,
1215 713 1310 756 aureo
1336 715 1390 756 ar-

374 829 535 910 gentoque
560 826 771 911 imprimenda
794 831 895 890 erant.
945 828 984 891 ln
1011 826 1149 890 maxima
1172 830 1278 891 autem
1301 829 1391 894 mul-

370 964 508 1027 titudine
538 984 705 1027 aureorum
734 966 768 1026 et
798 964 1018 1040 denariorum,
1051 964 1155 1027 varios
1179 965 1272 1048 typos
1296 964 1391 1028 exhi-

373 1101 535 1176 bentium,
568 1120 647 1182 quos
678 1099 861 1164 brevissimo
893 1102 935 1164 34
961 1100 1083 1164 dierum
1109 1101 1211 1184 spatie
1236 1100 1391 1164 malleum

372 1239 517 1320 expertos
554 1257 620 1299 esse
654 1239 831 1319 oporteret,
866 1237 1142 1321 (circumferunter
1176 1256 1284 1300 eorum
1319 1258 1391 1300 non

374 1369 479 1433 minus
514 1369 655 1452 quinque
693 1375 726 1433 et
759 1371 874 1454 viginti
913 1371 993 1434 varii
1031 1371 1152 1434 metalli
1186 1371 1390 1456 generisque)

372 1526 499 1591 prorsus
544 1528 563 1568 a
610 1526 682 1569 vero
729 1505 898 1570 abhorrere
944 1528 981 1569 ea
1025 1528 1074 1570 res
1116 1506 1195 1569 mihi
1239 1507 1389 1584 videtur,

372 1641 467 1723 idque
507 1663 543 1704 eo
585 1642 703 1725 magis,
739 1645 824 1724 quod
858 1645 1048 1726 argumente
1081 1642 1315 1726 imaginesque,
1352 1642 1390 1706 in

372 1778 489 1840 aversis
520 1777 663 1861 partibus
696 1778 819 1860 aliquot
846 1799 1047 1842 nummorum
1076 1778 1269 1854 delineatae,
1298 1781 1392 1843 omni

371 1913 582 1997 explicatione
628 1919 780 1978 carerent.
844 1913 974 1978 Vibium
1018 1935 1111 1998 porro
1156 1913 1276 1978 Varum
1318 1919 1392 1978 tam

372 2049 609 2113 inconstantem
640 2053 673 2113 et
702 2050 868 2113 »varium'’
899 2049 1061 2114 hominem
1091 2049 1187 2113 fuisse
1217 2050 1391 2114 credideri-

372 2207 459 2261 mus,
502 2186 558 2269 qui
598 2186 685 2249 intra
718 2186 814 2250 nnius
848 2186 966 2249 mensis
1005 2187 1142 2270 spatium
1177 2208 1263 2250 nunc
1297 2209 1391 2253 more

372 2324 532 2388 communi
561 2321 594 2386 C.
628 2323 750 2386 Vibium
784 2322 920 2399 Varum,
951 2325 1030 2386 tunc
1048 2305 1205 2386 ¹obsoleto
1228 2326 1261 2386 et
1283 2326 1391 2409 prisco

371 2460 529 2522 scribendi
552 2458 646 2522 modo
670 2460 796 2541 arrepto
825 2457 859 2522 C.
890 2459 1031 2534 ¹Vettium
1061 2460 1199 2526 Vacrum
1222 2481 1254 2522 se
1277 2464 1392 2547 appel-

369 2596 473 2660 laret?
488 2593 513 2680 ¹)
549 2596 672 2660 Deinde
696 2596 779 2659 unde
803 2597 880 2660 haec
905 2618 1022 2681 magna
1049 2601 1202 2682 pecuniae
1226 2602 1390 2666 visaIII-

370 2732 446 2796 viris
477 2732 609 2796 collecta
638 2737 687 2795 est
719 2753 756 2795 eo
779 2733 897 2806 mensi,
922 2755 995 2796 cum
1017 2736 1219 2800 notissimum
1244 2737 1286 2801 sit
1310 2759 1389 2820 pro-

370 2868 595 2951 scriptionibus
625 2870 764 2933 virorum
795 2874 826 2932 et
851 2870 1017 2934 mulierum
1038 2873 1243 2956 locupletium
1268 2878 1300 2937 et
1323 2896 1389 2956 pu·

368 3004 592 3068 blicationibus
621 3005 778 3069 bonorum
806 3006 974 3088 pecuniam
997 3007 1036 3071 iis
1060 3011 1307 3093 comparandam
1331 3011 1388 3076 fu-

368 3139 453 3203 isse?
488 3140 652 3223 Denique,
685 3141 712 3203 si
737 3141 926 3205 Mussidium
950 3140 1096 3207 Olodium
1121 3144 1298 3210 livineium
1324 3147 1388 3212 Vi·

370 3273 457 3336 bium
488 3295 573 3337 anno
605 3275 649 3338 43
676 3274 828 3340 IlIlvires
863 3277 959 3342 fuisse
994 3281 1234 3358 contendimus,
1258 3305 1277 3345 a
1300 3284 1387 3347 veri·

370 3411 446 3474 tatis
477 3411 580 3494 speeie
602 3412 740 3512 alienum
764 3414 908 3492 videtur,
932 3437 1004 3479 cum
1028 3439 1067 3480 ex
1090 3418 1129 3482 iis
1153 3419 1248 3485 XXX
1272 3421 1387 3487 diebus

367 3549 419 3610 tot
451 3552 484 3610 et
514 3549 597 3612 tanti
629 3549 751 3613 nummi
783 3552 899 3614 servati
934 3552 1018 3628 sint,
1055 3576 1094 3618 ex
1125 3577 1210 3620 anno
1242 3557 1285 3620 42
1316 3557 1385 3624 fere

401 3984 428 4047 1)
447 3985 506 4032 Noti
525 3987 581 4032 sunt
606 3985 672 4032 aurei
697 3986 775 4049 capita
794 3986 944 4037 lIIvirornm
962 3989 1100 4038 exhibentes
1118 4007 1132 4038 a
1150 3992 1179 4041 C.
1200 3993 1282 4042 Veibio
1303 3995 1382 4044 Vaarc

364 4065 464 4128 signati,
482 4070 506 4114 et
522 4066 614 4114 denarii
629 4067 729 4116 Antonii
747 4070 771 4116 et
789 4069 896 4118 Caesaris
913 4087 927 4119 a
944 4071 969 4120 G.
993 4070 1062 4119 Vibio
1080 4071 1144 4120 Vero
1161 4075 1219 4123 ensi.
