3106 5086
837 479 898 542 aa

371 717 440 779 ium
476 722 538 790 esi,
573 716 649 799 quia
682 716 722 779 ad
759 720 897 780 siaiuam
932 721 1068 781 erectam
1103 718 1230 780 lanium
1269 739 1306 780 ea
1337 719 1392 782 lex

371 856 514 920 Rufrena
545 861 686 941 spectare
716 859 839 941 potuit,
870 863 977 922 lamen
1010 857 1126 921 falsum
1152 880 1217 921 esse
1241 857 1391 940 equidem

372 1019 437 1060 non
474 1019 583 1081 argu0.
632 996 692 1062 Sed
718 996 879 1063 Ciceronis
903 998 1039 1081 epistula
1054 999 1077 1082 ¹)
1102 985 1232 1061 minime
1255 997 1392 1061 adduci-

372 1159 445 1200 mur
476 1142 513 1200 ui
542 1139 624 1202 hanc
656 1139 759 1223 legem
790 1159 875 1202 anno
898 1140 942 1202 43
965 1138 1063 1201 laiam
1087 1159 1153 1201 esse
1178 1137 1394 1215 affirmemus,

371 1277 406 1340 id
429 1281 513 1361 quod
538 1276 662 1362 Langio
676 1279 701 1363 ²)
723 1278 859 1343 videtur.
906 1278 946 1341 ln
969 1299 1006 1341 ea
1029 1278 1114 1341 enim
1133 1277 1269 1361 epistula
1288 1278 1392 1342 Plan-

373 1439 429 1482 cus
452 1418 612 1501 quendam
636 1417 813 1483 Rufrenum
838 1423 1010 1495 memorat,
1033 1439 1097 1502 quo
1117 1440 1183 1481 una
1200 1439 1273 1482 eum
1293 1420 1393 1482 Cani-

374 1558 426 1623 dio
456 1558 594 1641 Lepidus
625 1581 699 1621 usus
731 1561 779 1621 esi
809 1560 849 1620 ad
876 1557 993 1621 militas
1015 1557 1196 1621 incitandos
1221 1561 1257 1620 ui
1278 1579 1394 1641 pacem

374 1720 447 1763 cum
479 1699 521 1762 M.
553 1696 698 1762 Antonio
731 1698 924 1782 flagitarent.
973 1698 1135 1762 Rufrenus
1161 1703 1267 1762 aulem
1290 1698 1394 1783 legati

375 1841 431 1901 aut
455 1837 578 1901 tribuni
601 1838 668 1900 mil.
692 1859 823 1902 munere
846 1837 975 1902 funeim
997 1860 1063 1902 esse
1084 1838 1209 1902 videtur
1223 1838 1265 1919 ³),
1290 1837 1395 1921 igitur

376 1978 450 2044 trib.
475 1979 520 2062 pl.
545 1978 605 2042 hoc
630 1999 716 2041 anno
739 1980 811 2064 (43)
836 1978 1005 2054 nonfuit,
1030 1999 1124 2062 quem
1147 1977 1301 2040 honorem
1325 1976 1392 2041 alio

377 2141 461 2182 anno
493 2119 534 2182 ab
565 2140 601 2182 eo
633 2141 699 2183 asse
722 2122 847 2202 gesium
871 2140 996 2181 neeesse
1022 2122 1080 2181 esi.
1127 2117 1201 2180 Alia
1225 2139 1274 2180 res
1297 2139 1393 2200 prae-

375 2265 462 2326 terea
490 2261 525 2322 in
554 2263 705 2344 promptu
732 2265 793 2335 est,
820 2280 901 2343 quae
923 2260 1015 2322 deaei
1044 2257 1145 2324 virum
1171 2256 1393 2322 doctissimum

377 2421 406 2462 v.
439 2398 538 2462 Sallei
576 2419 713 2473 errasse,
749 2398 804 2461 ubi
841 2396 984 2462 Caesaris
1021 2398 1290 2462 consecrationem
1325 2399 1394 2463 iarn

377 2560 463 2603 anno
496 2540 538 2602 43
567 2537 683 2601 laetam
708 2559 774 2601 esse
798 2539 930 2603 censuit.
977 2537 1093 2602 Elxslat
1114 2539 1201 2602 enim
1224 2539 1393 2617 denarius,

376 2680 411 2743 in
443 2680 531 2743 cuius
562 2679 667 2742 antica
689 2681 780 2762 paris
803 2675 946 2742 Caesaris
969 2679 1034 2742 divi
1057 2678 1079 2742 f.
1105 2677 1240 2761 effigiem
1264 2679 1394 2761 eonspi-

375 2817 474 2881 eimus
486 2818 671 2900 lillerasque
684 2836 703 2880 n
714 2849 718 2856 ·
730 2833 867 2881 ‹nnsnn-
881 2834 936 2880 111·
951 2834 1009 2880 vm
1019 2851 1023 2858 ·
1035 2836 1057 2881 n
1069 2849 1073 2857 ·
1083 2833 1103 2880 Ρ
1113 2850 1118 2859 ·
1129 2835 1178 2881 ra
1194 2818 1271 2882 Pars
1283 2839 1396 2882 aversa

375 2959 515 3022 ostendit
537 2978 688 3021 coronam
714 2962 746 3018 el
769 2957 878 3019 sellam
899 2978 1026 3019 auream
1040 2957 1065 3039 1)
1086 2958 1150 3020 iam
1170 2958 1243 3021 rivo
1264 2956 1396 3022 Caesari

374 3099 531 3179 deereias3
553 3097 648 3159 sellae
666 3095 855 3177 inscriptum
869 3097 934 3157 est:
960 3109 1102 3157 causan·
1117 3111 1170 3158 ulc
1182 3127 1186 3136 ·
1197 3111 1275 3159 PER·
1306 3096 1394 3162 Elum

375 3234 539 3295 denarium
564 3253 658 3295 nemo
682 3232 803 3306 adhue,
825 3235 909 3313 quod
930 3233 1041 3309 seiam,
1064 3256 1148 3296 anno
1171 3236 1213 3297 42
1227 3237 1396 3317 assignare

375 3371 534 3434 dubitavit
547 3372 583 3455 5).
609 3368 665 3433 Sin
690 3373 796 3432 autem
822 3370 889 3432 viro
913 3371 1095 3434 donlissimo
1123 3393 1150 3434 v.
1174 3370 1274 3436 Sallei
1294 3373 1394 3440 fidem

370 3521 532 3534 ..σι-

409 3621 434 3685 1)
453 3621 496 3684 np.
515 3620 544 3666 ad
562 3618 627 3666 Fam.
647 3619 675 3666 X.
694 3619 734 3675 21,
752 3619 776 3665 4.
878 3617 905 3680 2)
923 3619 992 3665 Rem.
1010 3617 1060 3664 An.
1079 3618 1115 3675 ΙΙ,
1134 3619 1189 3666 631.

408 3704 436 3766 3)
454 3702 483 3750 cf.
502 3701 580 3749 Orelli
598 3703 684 3749 Onom.
703 3699 765 3748 Tull.
784 3716 801 3748 a.
820 3717 843 3748 v.
862 3695 981 3748 Canidius.

407 3786 435 3850 4)
455 3783 510 3833 nin
527 3785 553 3833 C.
572 3785 612 3842 45,
631 3785 653 3831 6.

409 3869 436 3931 5)
455 3867 555 3916 Difficile
575 3867 639 3914 dictu
660 3870 695 3914 est
712 3866 854 3930 quibusnam
872 3866 934 3914 ludis
953 3868 1038 3914 Caesar
1056 3866 1118 3914 filius
1135 3866 1218 3914 sellam
1235 3882 1395 3928 coronamque

376 3953 451 4015 patris
476 3951 550 3999 oculis
575 3951 640 4012 vulgi
657 3949 795 4005 subiecerit,
813 3966 914 4010 quorum
932 3950 956 3996 in
974 3949 1114 3997 memoriam
1131 3949 1194 3996 hune
1212 3949 1334 3997 denarium
1352 3966 1393 3997 eu-
1448 3957 1449 3960 ’

375 4035 481 4082 dundnm
498 4033 602 4090 curavit;
623 4033 722 4080 fortasse
740 4031 801 4078 ludis
819 4030 997 4094 Apollinaribus
1015 4031 1048 4092 (d.
1069 4033 1149 4078 6-13
1168 4047 1198 4078 m.
1218 4032 1233 4077 J
1237 4031 1289 4095 ul),
1302 4035 1325 4078 al
1333 4035 1392 4078 tune

373 4117 518 4165 consecratio
543 4115 636 4180 publice
660 4114 721 4161 laeta
739 4128 787 4159 esse
804 4112 885 4175 potuit
903 4111 965 4160 ludis
983 4112 1095 4160 victoriae
1114 4113 1220 4160 (laesuris
1239 4112 1272 4175 (d.
1292 4114 1392 4160 20-30
