3106 5086
893 527 933 592 20

410 769 545 849 deniquo
577 767 686 831 Cassio
715 771 737 850 ¹)
762 771 889 831 auctore
913 769 945 830 οὐ
968 767 1098 839 ralatio
1125 767 1232 836 ἐκεῖνος
1259 766 1425 830 ἐπέστειλε

406 915 468 978 τοῖς
505 913 685 984 Ῥωμαιοις·
710 906 815 970 πάντα
839 907 902 984 γιὶρ
926 906 960 979 δὴ
986 909 1028 970 τοι
1053 906 1185 986 δυσχερῆ
1212 909 1424 985 ουνέιιρννττε,

407 1049 459 1112 καὶ
496 1047 577 1110 ἔστιν
609 1043 630 1111 οἳ
666 1071 705 1123 γε
739 1048 837 1109 αὐτῶν
869 1047 920 1108 καὶ
953 1046 993 1114 εἰς
1019 1043 1278 1108 τούναντιώτιιτον
1301 1047 1340 1114 ὡς
1365 1045 1423 1108 καὶ

405 1193 567 1266 εὑτραγῶν
601 1187 750 1269 ἔγραφεν,
773 1185 793 1248 i.
820 1207 845 1248 e.
872 1185 960 1248 clads
983 1190 1111 1268 accepta
1134 1185 1296 1248 Antonius
1317 1185 1424 1249 victo-

405 1327 448 1391 ris
471 1326 578 1389 landos
602 1325 661 1389 sibi
685 1323 861 1408 adsumpsit
884 1323 997 1388 littoris
1021 1325 1169 1388 laureatis
1192 1325 1326 1389 Romam
1347 1327 1423 1390 mis·

407 1466 467 1543 sia,
498 1467 549 1532 aul
580 1469 593 1530 δ
619 1473 738 1545 Καῖσαρ
763 1465 792 1531 οἵ
811 1491 845 1529 τε
869 1465 1006 1537 συνόντες
1033 1468 1116 1542 αὐτῷ
1135 1468 1188 1530 οὐκ
1213 1468 1242 1529 ἐν
1267 1469 1308 1545 τῷ
1334 1469 1423 1547 κοινῷ

406 1607 490 1670 αὐτοὶ
523 1605 579 1692 (sc.
611 1609 653 1670 τα
686 1607 911 1691 γεγραμμένα)
936 1607 1114 1684 διήλεγχον,
1140 1606 1228 1670 ιὶλλόι
1252 1608 1304 1669 καὶ
1329 1607 1423 1683 ἐβου-

404 1749 507 1812 θύτουν
536 1747 587 1809 καὶ
613 1745 768 1825 ἑώρταζον,
794 1746 816 1810 i.
840 1767 867 1809 e.
892 1745 1138 1830 supplicationes
1164 1751 1294 1829 propter·
1318 1748 1424 1812 victo·

403 1886 483 1949 riam
507 1885 628 1948 scilicet
653 1885 815 1949 habendos
839 1893 1040 1955 curaverunt.

450 2024 530 2124 Cum
563 2029 668 2092 autom
700 2032 830 2111 propter
857 2028 984 2091 iunctos
1008 2028 1119 2092 titulos
1143 2031 1342 2113 imperatoris
1368 2033 1422 2097 Ill
1478 1991 1483 2000 ι

405 2171 437 2230 ct
470 2167 609 2231 consulis
641 2167 798 2250 designati
830 2165 863 2230 ΙΙ
893 2170 926 2230 ot
947 2166 997 2230 Ill
1020 2167 1115 2232 tertia
1138 2168 1289 2231 salutatio
1312 2170 1422 2233 sedem

404 2305 464 2367 sibi
494 2309 627 2387 quaerat
659 2309 734 2368 anto
758 2327 878 2369 annum
905 2309 966 2383 34,
990 2307 1024 2368 in
1048 2329 1141 2389 quom
1165 2307 1327 2372 Antonius
1353 2331 1420 2374 cos.

404 2444 468 2507 des.
489 2443 522 2506 ll
541 2442 617 2526 fuit,
638 2444 714 2526 quid
736 2445 842 2507 obstat
861 2445 1030 2527 quominus
1043 2445 1162 2526 vanol)
1175 2447 1312 2512 Antonii
1324 2450 1419 2534 ingo-

401 2581 455 2643 nio
479 2581 575 2645 etiam
599 2582 774 2646 tribuamus
795 2583 925 2646 titulum
945 2584 1143 2667 imperatoris
1156 2589 1250 2652 tortio
1264 2590 1417 2674 adsump-

402 2726 495 2787 tum?
531 2721 638 2798 Nihil,
663 2723 747 2805 quod
773 2723 912 2800 videam,
936 2725 1163 2808 impedimento
1187 2731 1243 2791 ost.
1279 2729 1418 2795 Athaco
1518 2736 1519 2740 ’

401 2864 510 2926 omnia
545 2866 672 2926 tantum
707 2864 774 2926 veri
805 2863 920 2925 similia
951 2869 1028 2927 sunt
1058 2865 1122 2941 ita,
1154 2870 1191 2928 ut
1214 2866 1311 2929 etiam
1335 2865 1418 2932 falsa

402 3025 467 3067 osse
501 3004 643 3087 possint:
681 3007 905 3087 argumentum
935 3004 1057 3068 firmius
1088 3005 1167 3068 mihi
1197 3007 1232 3069 in
1262 3012 1416 3092 promptu

400 3149 456 3207 ost.
505 3143 695 3206 Plutarchus
720 3145 745 3229 3)
775 3145 878 3220 enim,
911 3145 966 3227 qui
997 3146 1212 3229 copiosissimo
1242 3148 1325 3210 hanc
1346 3147 1416 3211 An·

399 3284 480 3346 tonii
509 3284 743 3367 expeditionem
779 3285 944 3367 descripsit
978 3287 1090 3349 doctus
1125 3309 1143 3348 a
1178 3289 1258 3348 teste
1287 3284 1413 3348 oculato

434 3641 459 3698 1)
477 3637 523 3686 Dio
541 3637 587 3693 49,
606 3637 645 3685 32.
663 3635 691 3683 cf.
711 3637 790 3698 Lange
807 3636 875 3682 Βιὸῑο.
894 3633 942 3680 Alt.
964 3634 1020 3680 111²
1041 3651 1063 3696 p.
1084 3636 1137 3681 588.

432 3722 460 3786 2)
478 3721 590 3768 Ceterum
605 3717 738 3765 Antonium
753 3715 864 3763 inanibus
873 3714 1001 3761 honoribus
1010 3714 1133 3785 titulisque
1142 3714 1246 3762 multum
1254 3716 1366 3765 tribuisse
1375 3723 1414 3769 vel

399 3805 454 3852 inde
470 3803 549 3866 patet,
569 3800 631 3862 quod
649 3815 669 3845 a.
689 3799 719 3845 31
738 3813 776 3843 cos
795 3796 839 3843 ΙΙΙΙ
852 3811 875 3841 sc
893 3794 1012 3848 nominat,
1032 3793 1075 3840 etsi
1092 3796 1149 3841 tunc
1159 3794 1285 3859 abrogatus
1294 3797 1413 3861 (Momm

397 3900 437 3932 scu
455 3885 553 3931 Stsatsr.
572 3881 591 3927 Ι,
612 3881 675 3937 608,
693 3895 714 3925 a.
734 3879 768 3941 1).

433 3968 460 4028 3)
479 3964 543 4011 Phli·
570 3963 596 4009 in
622 3962 663 4008 Vit-
691 3963 746 4006 Ani·
774 3976 793 4004 ⁰·
819 3960 865 4005 43²
893 3962 1060 4025 αὐτοκράτορα
1078 3962 1219 4024 καλοῦντες.
1240 3963 1271 4012 cl.
1295 3965 1323 4011 dc
1341 3965 1411 4014 liuius

396 4053 463 4102 tituli
486 4051 510 4098 vi
528 4053 589 4115 App.
608 4051 648 4106 Il‚
666 4051 710 4096 44:
730 4053 834 4116 καθάπερ
857 4053 939 4111 αὐτοῖς
961 4052 1026 4118 (τοῖς
1046 4056 1409 4123 οτρατνγοῐςρέτιριαρτνρούν-

396 4167 444 4198 τιον
464 4142 523 4204 (τῶν
543 4145 711 4211 στρατιωτῶν)
731 4140 800 4206 ἀξίως
822 4151 889 4207 σφῶν
908 4144 1086 4210 αὐτοκράτορας
1105 4145 1170 4197 εἶναι.
