3106 5086
742 483 781 546 71

251 719 420 804 Triquetra
435 721 459 804 ¹)
489 719 575 784 enim
605 717 858 803 frequentissime
883 721 918 784 in
951 720 1096 807 Aspendi
1127 715 1280 789 nummis

251 858 431 936 invenitur,
466 858 551 924 talus
572 856 597 944 ²)
637 859 841 946 (astragalus)
876 865 908 926 et
942 861 1092 927 Medusae
1126 867 1232 947 caput
1249 866 1279 950 ³)

251 999 391 1064 nummis
414 998 526 1083 Selgae
549 999 632 1064 cusis
655 999 787 1076 insunt,
813 997 959 1066 Dioscuri
972 1003 998 1086 ⁴)
1018 1003 1173 1085 denique,
1187 1024 1279 1086 quo-

251 1161 322 1204 rum
351 1139 427 1224 pilei
449 1139 484 1203 in
508 1137 653 1204 Atratini
676 1142 710 1203 et
734 1137 830 1224 Oppii
855 1139 993 1204 nummis
1017 1145 1212 1220 occurrunt,
1240 1143 1279 1208 in

252 1280 391 1344 nummis
415 1278 575 1363 Sagalassi
596 1277 849 1362 conspiciuntur,
871 1279 903 1341 et
922 1299 963 1341 ne
981 1275 1278 1362 hippocamporum

252 1383 425 1506 quadrigae
451 1417 579 1502 quidem
603 1416 644 1481 ab
667 1415 728 1481 hac
751 1415 847 1481 Asiae
870 1421 961 1502 parte
984 1417 1106 1482 alienae
1129 1439 1198 1482 esse
1222 1420 1277 1484 vi-

250 1557 375 1621 dentur.

299 1697 422 1763 Revera
435 1700 542 1762 autem
555 1697 725 1782 Appianas
738 1698 870 1762 classem
882 1701 1110 1762 commemorat
1117 1700 1155 1784 ⁵),
1170 1721 1277 1783 quam

253 1837 298 1902 M.
322 1837 425 1902 'iltius
447 1837 536 1902 iussu
558 1835 697 1902 Antonii
719 1859 758 1901 ex
778 1837 870 1922 Syria
890 1838 1014 1916 accivit,
1034 1841 1072 1903 ut
1091 1839 1158 1902 eius
1171 1859 1277 1924 opera

253 1977 325 2044 Sex.
349 1978 481 2064 Pompei
505 1980 639 2043 conatus
661 1978 856 2063 reprimeret.
898 1976 983 2041 Huic
1002 1978 1094 2043 classi
1113 1980 1276 2066 navibus,

251 2143 331 2208 quaa
363 2117 478 2186 Caesar
508 2119 688 2196 remiserat,
716 2120 828 2182 auctae
850 2116 989 2182 Furnius
1013 2122 1045 2182 et
1068 2119 1172 2184 Titius
1196 2142 1277 2186 vere

250 2265 329 2328 anni
353 2263 394 2328 35
418 2264 597 2347 praeerant.

297 2400 421 2487 Oppius
452 2423 543 2477 vero,
577 2401 628 2465 oui
655 2401 689 2463 in
712 2400 861 2463 omnibus
885 2401 1025 2464 nummis
1047 2401 1135 2468 tituli
1158 2424 1276 2488 propr.

252 2541 351 2627 praef.
388 2509 433 2606 cl.
463 2541 664 2615 tribuuntur,
701 2561 801 2623 aeque
835 2561 872 2603 ac
903 2536 940 2605 O.
971 2538 1123 2606 Fonteius
1152 2540 1277 2626 Capito

250 2681 346 2745 alicui
369 2682 407 2746 de
430 2680 474 2745 M.
500 2679 638 2745 Antonii
661 2679 832 2764 provinciis
856 2679 1005 2765 praefuit.
1051 2680 1171 2756 Quodsi
1196 2687 1276 2767 quis

250 2820 386 2897 dubitet,
410 2842 519 2884 annon
543 2819 769 2903 proconsulare
792 2819 962 2902 imperium
982 2819 1022 2882 ad
1042 2775 1143 2902 ipsam
1157 2820 1276 2888 classis

250 2961 481 3048 praefecturam
499 2959 702 3044 pertinuerit,
724 2959 800 3022 satis
820 2961 868 3022 est
887 2959 1031 3023 attulisse
1043 2957 1153 3023 titulos
1166 2960 1274 3028 Atra-

252 3103 313 3167 tini
326 3101 433 3165 Bibuli
445 3100 590 3176 aliorum,
603 3099 658 3182 qui
670 3098 822 3183 praefecti
830 3099 904 3162 olas.
914 3103 1042 3163 tantum
1051 3100 1274 3185 appellantur,
1342 3160 1344 3164 ,

252 3244 285 3306 et
295 3239 513 3336 inscriptionis
520 3257 782 3301 commemorasse
794 3240 935 3301 servatae
947 3237 982 3300 in
992 3235 1025 3307 (1.
1035 3237 1061 3300 Ι.
1071 3237 1107 3300 L.
1117 3236 1173 3300 111.
1185 3238 1274 3305 455:

251 3377 468 3438 81888881-
482 3374 984 3425 888888188888888888
997 3377 1040 3424 Μ·
1053 3375 1169 3426 mulo·
1180 3379 1223 3426 Μ·
1233 3370 1274 3428 8·

204 3538 205 3541 ,
252 3495 319 3545 rao
336 3511 341 3520 ·
357 3491 580 3543 acarnanu-
593 3490 878 3539 succensam·
891 3490 1274 3544 PATRON0·HONORIS·

255 3601 400 3678 0818Αὲ.
447 3610 492 3674 M.
518 3608 621 3672 Titius
644 3607 761 3692 igitur,
785 3629 880 3692 quem
903 3609 1123 3692 proconsulem
1137 3613 1277 3693 provin-

251 3729 433 3742 -...-.-

286 3777 314 3840 1)
332 3779 412 3824 Revue
430 3775 548 3822 Numism.
572 3774 642 3820 1853.
660 3788 682 3835 p.
702 3773 748 3832 21;
765 3789 787 3820 v.
806 3772 901 3820 Sallet's
918 3773 1032 3822 Zeitschr.
1052 3774 1124 3826 1877.
1142 3792 1166 3838 p.
1186 3777 1247 3830 297.

286 3861 314 3924 2)
332 3862 412 3908 Bevus
431 3857 542 3906 Numism
568 3858 641 3904 1853.
660 3872 681 3918 p.
700 3857 732 3902 46
739 3876 746 3912 3
764 3873 786 3903 v.
805 3855 884 3903 Sall's
901 3857 1017 3904 Zcitsohr.
1037 3858 1108 3910 1878.
1126 3876 1149 3923 p.
1169 3861 1227 3910 132.

287 3943 314 4006 3)
326 3944 413 3989 Δ118888
432 3939 550 3987 Numisrn.
570 3940 640 3986 1853.
660 3936 707 3984 tab.
727 3938 762 3994 II,
782 3938 804 3985 6.
824 3936 851 3996 73
871 3954 894 3986 v.
913 3937 957 3986 S.’s
970 3938 1082 3988 Zeit'schr.
1094 3941 1166 3992 1878.
1176 3958 1199 4006 p.
1212 3945 1274 3996 135.

284 4026 313 4090 4)
331 4025 411 4072 Revue
430 4021 547 4069 Numism.
567 4022 638 4068 1853.
657 4037 681 4082 p.
699 4022 739 4067 44.

287 4108 314 4171 ὅ)
333 4107 360 4154 Β.
381 4105 407 4153 C.
427 4105 455 4153 V.
476 4104 530 4150 134.
549 4102 605 4152 139.
