3106 5086
545 483 587 545 65

47 741 137 796 ram3
161 721 296 804 primam
320 724 426 786 autem
451 693 616 787 victoriam
640 723 737 786 talem
761 720 859 786 fiiisse
873 725 915 801 ¹),
936 722 1067 805 propter

50 883 147 943 quam
171 862 287 926 milites
310 863 421 926 duoem
441 883 533 928 suum
553 884 591 927 eo
610 862 731 927 honore
750 861 953 944 ornaverint,
972 864 1066 925 docet

48 999 276 1085 fragmentum·
287 1001 456 1067 Fastorum
474 1002 735 1087 triumphalium:
759 1017 781 1066 P
794 1033 798 1043 ·
810 1016 1047 1065 szT1D1vs·P
1059 1031 1064 1042 ·

49 1136 1069 1206 E·PRO·cos·ux·TAVRO·MONTs·sT·Du·PARTHsls·‚

51 1257 226 1322 seeundum
256 1259 341 1342 quod
372 1262 440 1322 tam
470 1262 601 1343 propter
631 1259 768 1343 primam
797 1259 836 1322 de
865 1257 1008 1321 Labieno
1030 1256 1066 1318 in

52 1397 160 1462 Tauro
184 1402 293 1463 monto
316 1421 412 1482 quam
432 1403 562 1483 propter
581 1399 715 1463 alteram
735 1402 774 1462 de
793 1398 914 1462 Paooro
933 1396 1068 1460 relatam

53 1537 221 1602 victoriam
255 1537 452 1622 triumphum
487 1538 562 1622 egit.
616 1536 717 1618 Quod·
743 1537 770 1600 si
805 1535 976 1600 Ventidius
1010 1555 1067 1619 per

20 1675 21 1678 ’
54 1677 201 1741 ultimam
241 1677 367 1741 demum
405 1676 571 1741 victoriam
606 1677 778 1761 imperator
812 1675 969 1740 salutatus
1003 1678 1068 1751 est,

55 1778 123 1882 iure
157 1817 307 1882 admirari
341 1818 417 1884 lieet
449 1839 506 1882 aur
540 1821 614 1901 post
648 1817 783 1901 primam
817 1817 907 1880 illam
941 1816 1070 1879 maximi
1147 1879 1149 1884 ,

57 1958 212 2023 momenti
242 1957 409 2022 'victoriam
439 1957 492 2021 hie
522 1957 551 2020 ei
573 1956 676 2021 honor
700 1962 834 2041 negatus
857 1957 918 2032 sit,
941 1959 1072 2040 propter

59 2096 191 2160 alteram
209 2095 399 2180 impertitus.
435 2095 536 2171 Quam
556 2098 598 2160 ob
614 2120 680 2161 rem
693 2098 773 2161 nihil
784 2097 937 2181 impedire
948 2075 1074 2160 videtur

60 2237 230 2320 quominus
259 2211 477 2302 adseveramus
510 2237 572 2303 hoo
605 2253 731 2322 quoque
752 2238 787 2302 in
811 2258 941 2302 nummo
965 2237 1072 2302 Anto-

63 2377 151 2440 nium
171 2382 243 2442 'rere
261 2378 485 2462 imperatorem
507 2377 546 2464 (l)
568 2378 739 2462 appellari,
758 2378 985 2462 impugnemus
1006 2400 1075 2443 eam

63 2517 272 2595 sententiam,
297 2541 379 2602 quae
400 2540 510 2602 reapse
532 2518 609 2601 imp.
630 2517 676 2582 ΠΙ
689 2541 760 2583 eum
773 2519 869 2584 fuisse
882 2520 1007 2602 probat.
1020 2519 1074 2605 (of.

63 2658 185 2724 dissert.
208 2679 282 2744 pag.
309 2657 437 2747 l5bsq.)

108 2794 176 2859 Hos
197 2795 297 2880 igitur
320 2796 490 2863 Ventidius
513 2796 660 2864 denarios
683 2820 739 2884 per
762 2801 960 2884 quaesieram
984 2819 1077 2864 suum

64 2935 186 3004 flandos
217 2939 339 3005 curavit
369 2943 512 3024 tempore
534 2940 742 3006 interiacente
764 2942 850 3005 inter
874 2943 952 3006 duas
975 2944 1076 3007 vieto*

15 3123 19 3128 -
65 3079 126 3143 rias
162 3081 213 3167 (ex
247 3057 350 3143 medio
385 3101 438 3143 an.
471 3080 512 3143 39
539 3119 580 3128 -
606 3082 687 3144 med.
713 3104 764 3144 an.
791 3083 845 3166 38>
863 3082 898 3165 ²).
947 3081 1006 3148 Oui
1033 3083 1079 3146 rei

67 3239 166 3281 unum
197 3237 376 3301 repugnare
406 3219 548 3297 videtur,
581 3220 666 3304 quod
701 3221 864 3285 Antonius
886 3223 1020 3287 barbam
1044 3247 1080 3288 eo

68 3361 210 3444 tempore
233 3359 380 3442 promisit
400 3362 480 3422 teste
500 3360 630 3423 denario
651 3363 771 3427 nostro,
803 3361 889 3437 Quae
908 3364 934 3427 si
951 3369 1081 3450 propter

68 3495 179 3560 foedus
214 3519 287 3561 eum
319 3495 389 3562 Sex.
421 3498 572 3583 Pompeio
605 3501 701 3586 (quod
733 3505 799 3565 tam
831 3504 871 3567 ad
904 3503 1082 3567 Antonium

105 3790 132 3860 1)
150 3790 197 3844 uio
220 3791 317 3859 quidem
340 3795 423 3842 auctor
446 3797 481 3842 est
505 3790 617 3843 Ventidio
634 3796 732 3860 propter
749 3789 810 3844 hano
828 3790 952 3846 viatorium
969 3793 1031 3846 nihil
1048 3795 1087 3846 de·

70 3881 163 3926 oretum
186 3893 247 3935 esse,
273 3878 313 3925 sad
337 3876 466 3942 appellatio
487 3892 501 3924 a
522 3876 640 3925 militibus
657 3876 769 3936 dabatur,
787 3894 866 3954 nona
884 3883 966 3927 senatu
981 3881 1090 3928 decerne·

70 3958 148 4010 batur.

105 4044 133 4108 2)
151 4042 202 4091 uui
228 4057 275 4091 non
302 4045 401 4108 apparet
424 4037 509 4105 quibus
535 4043 681 4105 argumentis
699 4044 824 4102 adductus,
843 4045 891 4093 iam
908 4045 995 4108 Paully
1012 4043 1090 4107 (Real.

73 4126 202 4190 Eneyolop.
220 4141 240 4175 s.
259 4143 280 4176 v.
299 4125 427 4174 Ventidius
444 4141 467 4188 p.
485 4125 551 4173 2446
568 4126 659 4188 annot.)
679 4127 742 4174 idam
760 4128 893 4175 affirmavit.

976 4213 989 4260 b
