3106 5086
798 509 842 575 44

312 747 528 824 adduxerant,
564 747 751 812 Eumeniam
788 748 930 812 veterani
964 747 1091 812 deducti
1121 754 1198 813 sunt
1228 752 1261 813 et
1293 751 1329 813 in

314 886 465 969 antiquae
488 884 636 948 dominae
660 885 843 948 memoriam
867 884 1082 967 honoremque
1102 888 1230 968 accepto
1250 884 1330 948 Ful-

314 1021 482 1086 vianorum
506 1021 636 1085 nomine
660 1020 822 1085 Victoriae
851 1021 914 1084 suis
937 1020 1077 1084 nummis
1099 1020 1331 1105 imprimendae

314 1157 427 1222 faciem
461 1156 588 1221 Fuluiae
616 1157 800 1220 induerunt.
848 1155 1011 1230 Quantum
1036 1155 1171 1238 denique
1195 1158 1233 1219 ad
1258 1155 1330 1239 qui-

316 1293 422 1356 narios
452 1292 603 1376 Lugduni
634 1313 743 1368 cusos,
775 1290 812 1366 Q.
845 1290 954 1356 Fufius
988 1290 1142 1378 Galenus,
1168 1290 1224 1374 qui
1245 1291 1329 1354 bello

315 1427 460 1492 Perusini
495 1433 639 1513 tempore
674 1427 795 1493 Galliae
828 1428 913 1512 parti
943 1431 1089 1512 praeerat
1115 1425 1152 1511 ¹),
1183 1426 1330 1491 Fulviam

284 1553 287 1558 Δ
318 1564 458 1628 nummis
489 1563 598 1647 effingi
632 1564 724 1628 facile
754 1564 898 1639 iusserit,
928 1584 1062 1645 quacum
1095 1562 1226 1627 muliere
1249 1564 1332 1626 teste

319 1698 471 1765 Cicerone
506 1699 600 1763 arctis
635 1699 770 1763 vinculis
805 1701 995 1762 coniunctus
1030 1697 1109 1773 fuit3
1140 1695 1217 1778 isi)
1245 1697 1331 1760 enim
1452 1751 1458 1754 .

318 1836 466 1899 certiores
502 1857 560 1898 nos
588 1835 665 1898 fecit
693 1839 835 1918 tempore
866 1834 943 1898 belli
974 1833 1164 1897 Mutinensis
1185 1832 1331 1897 Fulviam

317 1973 403 2037 domi
427 1970 538 2036 Caleni
561 1971 737 2048 habitasse,
762 1993 856 2055 quem
879 1971 984 2052 ipsum
1003 1973 1239 2053 procuratorem
1260 1967 1331 2032 An·

319 2109 401 2172 tonii
424 2108 502 2171 alibi
527 2105 636 2174 Cicero
663 2107 752 2171 dixit.

361 2244 507 2309 Fulviam
539 2245 639 2328 igitur
675 2248 708 2309 et
742 2244 918 2309 Victoriam
942 2245 1080 2329 quinarii
1109 2244 1335 2328 Lugdunensis

317 2405 415 2446 uuam
441 2382 637 2465 eandemque
660 2403 726 2445 esse
749 2404 768 2444 a
791 2382 857 2444 veri
880 2381 984 2465 specie
1003 2381 1088 2444 haud
1100 2381 1240 2444 alienum
1253 2379 1332 2442 mihi

316 2518 450 2582 ridetur.
500 2516 561 2581 Sed
596 2521 631 2581 ut
653 2518 867 2580 demonstrem
892 2540 911 2581 a
934 2521 967 2580 Ο.
993 2481 1156 2581 Numonio
1179 2515 1282 2579 Vaala
1306 2517 1333 2599 ³)

318 2675 443 2738 quoque
467 2657 500 2718 et
522 2652 558 2717 L.
584 2653 738 2717 Mussidio
761 2653 877 2736 Longo
895 2651 1025 2717 Fulvius
1044 2652 1180 2736 effigiem
1193 2650 1333 2715 nummis

314 2791 500 2874 impressam
523 2812 599 2873 esse,
625 2791 815 2873 argumenta
839 2811 968 2873 prorsus
992 2810 1042 2852 me
1062 2787 1225 2852 deficiunt.
1249 2785 1333 2849 Fieri

317 2948 392 2989 sane
424 2925 531 3010 potuit
565 2927 601 2987 ut
625 2923 660 2990 O.
685 2924 866 2989 Numenius
889 2924 992 2988 Vaala
1015 2923 1051 2987 L.
1079 2922 1205 2986 Servius
1230 2920 1334 2984 Rufus

316 3063 360 3126 M.
392 3062 504 3127 Arrius
527 3061 691 3128 Secundus
715 3059 809 3123 huius
834 3059 911 3123 anni
934 3057 1007 3142 (41)
1028 3057 1240 3141 quattuorviri
1263 3077 1333 3120 mo-

316 3200 437 3263 natales
460 3197 522 3282 (vel
548 3196 708 3280 tresviri‘i)
733 3194 879 3259 Fulviam
904 3194 965 3259 hoc
987 3193 1108 3258 honore
1132 3193 1332 3270 ornaverint,

314 3357 396 3419 quae
420 3333 603 3397 coniectura
627 3350 664 3393 eo
690 3330 827 3393 stabiliri
849 3332 993 3407 videtur,
1012 3334 1097 3415 quod
1115 3330 1209 3413 plane
1222 3331 1333 3392 eodem

318 3470 411 3533 modo
445 3470 571 3551 compta
594 3470 642 3530 est
665 3467 818 3531 victoriae
841 3468 948 3551 imago
971 3468 1057 3567 aurei
1081 3464 1279 3530 Numeniani
1303 3466 1338 3527 et

316 3605 373 3668 illa
406 3627 501 3688 quam
533 3602 681 3666 Fulviani
706 3603 770 3665 aeri
792 3602 1027 3686 impresserunt.
1077 3601 1124 3666 At
1145 3601 1180 3664 hi
1203 3598 1334 3664 IIIIviri

351 3889 376 3943 1)
391 3888 420 3935 cf.
439 3887 502 3935 infra
518 3903 570 3952 pag.
589 3888 629 3936 49.
766 3885 792 3946 ὓ)
810 3886 873 3935 Phil.
892 3885 960 3945 XII,
979 3888 1007 3946 1,
1026 3886 1048 3934 1.

351 3970 378 4035 3)
396 3970 438 4033 qui
463 3971 562 4019 tortasse
586 3970 651 4018 idem
675 3969 722 4018 fuit
748 3972 819 4032 atque
843 3969 886 4017 ille
911 3985 982 4032 qnam
1004 3967 1128 4033 inscriptio
1146 3969 1185 4033 (C.
1205 3969 1223 4018 1.
1241 3965 1268 4018 L.
1287 3965 1331 4018 VI.

318 4054 395 4118 1360)
420 4058 546 4101 memorat:
572 4053 614 4100 CN
627 4069 631 4079 ·
643 4053 765 4100 ΒΔΕΒΙΟ
778 4053 945 4100 ’ΤΔΜΡΙΒΟ
956 4069 960 4079 ·
972 4053 1313 4100 vauAE·NvMON1ANO
1326 4068 1330 4076 ·

317 4134 954 4203 pannosos-111·visu-nanu·
