3106 5086
702 483 744 546 55

262 717 295 782 Si
320 719 391 801 quis
415 719 529 783 horum
553 741 756 784 nummorum
780 721 1004 805 inscriptiones
1027 722 1231 805 capitumque

215 856 410 922 lineamenta
440 859 480 923 iis
509 861 692 924 incusorum
726 862 822 944 paulo
851 862 1037 944 diligentius
1058 862 1233 946 inspexerit

216 1001 249 1060 at
277 999 363 1063 inter
392 1020 460 1064 sese
489 1002 678 1078 contulerit,
703 1023 769 1066 non
794 1006 900 1086 potest
917 1003 994 1086 quin
1018 1002 1079 1066 sibi
1102 1024 1231 1086 persua·

155 1206 158 1211 ,
216 1158 286 1201 sum
321 1138 438 1202 habeat
472 1161 525 1203 eos
556 1163 666 1204 omnes
698 1163 763 1205 uno
794 1145 936 1225 tempore
967 1143 1016 1207 vel
1048 1143 1154 1226 potius
1177 1162 1233 1225 per

220 1277 314 1341 unius
337 1279 415 1342 anni
438 1281 578 1364 spatium
603 1271 693 1345 enses
716 1302 791 1345 esse.
838 1280 891 1344 Illi
903 1271 1246 1364 nummiquosprimo'

220 1419 253 1481 et
283 1419 421 1482 secundo
450 1418 521 1482 loco
554 1421 645 1503 posui
675 1424 707 1484 et
737 1441 816 1504 quos
844 1421 938 1485 tertio
962 1424 993 1484 et
1016 1424 1148 1504 quarte,
1171 1419 1233 1483 hoc

220 1559 345 1622 tantum
378 1560 463 1623 inter
494 1581 527 1623 se
559 1560 729 1637 differunt,
760 1561 845 1644 qnod
877 1581 995 1624 nomen
1026 1561 1233 1644 magistratus

220 1697 306 1761 aliud
325 1701 389 1774 est;
410 1699 567 1782 imagines
585 1703 691 1764 autem
711 1700 915 1764 tresvirorunr
927 1748 934 1777 ,
947 1699 1125 1763 litterarum
1137 1699 1231 1762 etiam

219 1838 460 1903 coniunctiones
472 1861 555 1903 unae
566 1843 756 1924 eaedemque
769 1845 854 1905 sunt.
883 1841 915 1906 si
926 1841 1027 1924 igitur
1039 1842 1077 1905 de
1090 1845 1232 1924 tempore

217 1977 412 2060 quaerimus,
430 1978 515 2062 haud
529 1980 699 2042 admodum
712 1979 837 2044 difficile
850 2003 1002 2064 persuasu
1014 1983 1062 2043 cst
1075 2000 1127 2043 eos
1140 2000 1231 2043 cusos

217 2139 283 2181 esse
295 2140 381 2181 anno
393 2119 578 2183 consulatus
591 2118 626 2185 L.
640 2118 775 2183 Antonii
784 2120 864 2204 (41).
889 2118 950 2184 Sed
964 2119 1024 2182 hac
1036 2119 1152 2182 notitia
1165 2140 1230 2182 non

217 2259 360 2321 contenti
372 2281 498 2342 operam
512 2260 622 2323 demus
633 2262 670 2322 ut
681 2259 778 2322 etiam
789 2259 875 2322 locos
888 2258 943 2320 ubi
955 2258 1079 2322 etviros
1088 2280 1107 2320 a
1116 2258 1230 2341 quibus
1278 2219 1283 2228 1

216 2399 282 2462 cusi
302 2398 384 2474 sint,
402 2421 641 2484 cognoscamus.
679 2398 727 2463 Ac
743 2399 881 2483 primum
906 2396 1050 2486 quidcmj,
1076 2402 1113 2461 ut
1135 2420 1172 2463 ea
1194 2399 1229 2461 in

216 2542 357 2604 nostram
375 2563 442 2605 rem
462 2543 703 2616 convertamus,
725 2562 806 2624 quae
826 2562 864 2603 ex
879 2539 955 2622 ipsis
967 2539 1230 2622 inscriptionibus

216 2684 409 2764 suppetunt,
433 2680 477 2744 M.
502 2679 673 2744 Barbatius
697 2683 729 2742 et
754 2679 790 2741 L.
815 2677 935 2742 Gellius
955 2681 1136 2761 quaestores
1156 2698 1230 2761 prc-

216 2821 377 2900 practore,
402 2819 445 2883 M.
472 2817 621 2885 Cocceius
644 2818 751 2884 Nerva
774 2822 1000 2902 proquaestore
1023 2841 1128 2903 propr.
1151 2819 1228 2899 fuit;

217 2979 270 3022 eos
300 2962 407 3022 autem
438 2958 482 3022 M.
514 2958 665 3035 Antonii,
698 2980 763 3022 non
793 2956 935 3024 Caesaris
959 2960 1008 3024 vel
1032 2959 1068 3022 L.
1092 2960 1229 3024 Antonii

217 3102 398 3181 quaestores
427 3098 524 3162 fuisse
551 3098 625 3160 inde
657 3099 805 3181 apparet,
837 3099 923 3180 quod
953 3097 1085 3160 nomina
1107 3119 1230 3181 semper

217 3237 251 3300 in
273 3239 330 3301 illa
354 3241 444 3321 parte
457 3258 678 3315 nummorum,
691 3237 724 3300 in
738 3259 800 3320 qua
814 3236 857 3300 M.
871 3236 1008 3301 Antonii
1020 3237 1141 3322 imago,
1155 3261 1230 3303 con-

216 3378 401 3460 spiciuntur.
449 3377 498 3440 Ex
519 3377 726 3442 similitudine
749 3399 843 3462 porro
866 3382 1018 3473 typorum
1041 3380 1230 3464 colligamus

216 3540 341 3584 necesse
365 3521 413 3582 est
436 3539 547 3582 aureos
570 3518 777 3602 denariosque
796 3541 891 3603 supra
911 3520 1103 3604 descriptos,
1123 3521 1150 3584 ai
1162 3542 1228 3584 non

214 3658 246 3722 in
284 3658 392 3722 eadem
424 3679 535 3721 omnes
563 3659 655 3741 parte
677 3655 803 3739 imperii
825 3657 980 3740 Romani,
1006 3660 1040 3720 at
1063 3660 1170 3720 tamen
1193 3656 1229 3719 in

214 3797 304 3864 iuxta
339 3799 409 3863 sitis
443 3798 627 3882 regionibus
647 3817 700 3861 'ax
735 3795 869 3860 officinis
901 3797 1122 3862 malleatorum
1154 3819 1228 3882 pro-

216 3941 317 4006 diissc.
367 3939 447 4018 Quia
476 3940 613 4026 denique
644 3941 679 4005 in
701 3938 860 4026 plerisque
892 3939 932 4005 ab
957 3964 1021 4005 una
1044 3945 1135 4025 parte
1158 3940 1228 4005 An·

215 4083 312 4160 tonii,
346 4082 386 4146 ab
409 4082 510 4146 altera
535 4080 678 4147 Caesaris
700 4081 807 4164 imago
834 4081 1047 4164 conspicitur,
1067 4083 1228 4147 temerita-
