3106 5086
697 509 736 569 ol

91 732 92 735 ¹
201 746 308 809 tonius
330 747 365 808 in
390 745 519 811 Oriente
541 749 671 830 ignotus
695 748 790 812 homo
815 753 901 825 erat,
922 750 1039 833 quippe
1060 772 1153 832 quem
1175 772 1212 813 311

200 887 309 951 Flavio
346 887 481 972 losepho
497 886 519 970 ¹)
552 890 686 952 sciamus
717 891 974 972 proquaestorem
1004 912 1093 975 prop.
1119 890 1215 956 Asiae
1266 875 1268 880 ¹

199 1026 295 1092 fnisse
318 1049 404 1091 anno
429 1030 481 1093 49.

244 1166 305 1232 Sed
334 1168 397 1231 alia
420 1191 546 1253 quoque
570 1191 665 1234 33333
690 1173 738 1234 331
761 1193 816 1234 our
840 1172 975 1254 patriam
1001 1170 1050 1234 his
1075 1173 1213 1236 nummis

199 1309 339 1391 aliquam
379 1308 475 1373 Asiae
514 1310 710 1392 provinciam
748 1310 844 1374 fuisse
879 1313 1081 1374 contendam.
1142 1310 1211 1372 Iam

196 1469 292 1530 supra
327 1448 526 1512 admonitum
557 1450 606 1512 est
637 1448 774 1513 Galliam
807 1450 1002 1534 Cisalpinam
1032 1473 1049 1514 e
1081 1472 1213 1514 numero

197 1589 432 1671 provinciarum
464 1590 622 1653 sublatam
655 1612 720 1653 esse
744 1595 816 1673 post
839 1591 1005 1655 victoriam
1030 1595 1114 1674 apud
1139 1592 1212 1654 Phi·

196 1725 299 1808 lippos
341 1730 535 1811 reportatam
579 1728 726 1812 (exeunte
768 1752 857 1794 anno
891 1732 958 1816 42).
1017 1730 1078 1805 Qui
1113 1732 1212 1815 igitur

197 1864 335 1946 patriam
369 1865 483 1929 horum
518 1890 720 1932 nummorum
753 1870 878 1953 quaerit
908 1871 942 1933 in
977 1871 1084 1954 aliqua
1121 1871 1211 1937 0331-

196 2006 300 2068 dentis
329 2008 510 2089 provincia,
541 2030 621 2090 quae
654 2009 697 2072 M.
721 2008 863 2072 'Antonii
893 2009 1025 2092 imperio
1058 2011 1210 2092 parabat,

196 2114 322 2209 neeesse
353 2149 401 2209 est
433 2146 581 2210 deveniat
612 2148 652 2210 ad
675 2149 854 2230 provincias
879 2147 1017 2212 Galliam
1042 2147 1209 2214 Comatam

196 2288 227 2348 et
267 2285 403 2349 Galliam
444 2286 696 2350 Narbonensem.
751 2287 813 2361 Sed
847 2288 907 2352 hae
942 2311 1028 2352 anno
1064 2291 1104 2353 41
1140 2291 1208 2374 jam

194 2430 413 2509 propraetores
436 2426 600 2491 habebant
622 2428 659 2502 Q.
684 2427 809 2492 Fufium
834 2426 988 2494 Calenum
1009 2432 1041 2492 et
1061 2431 1097 2493 P.
1120 2429 1208 2494 Ven-

193 2566 305 2629 tidium
340 2536 484 2630 Bassam.
544 2567 662 2642 Quodsi
697 2569 767 2651 quis
801 2568 881 2630 mihi
916 2569 1036 2632 obiciat
1067 2568 1206 2634 Nervam

152 2785 154 2788 ¹
192 2681 379 2769 13113331
419 2706 556 2771 Geinum
597 2709 638 2771 ab
672 2709 726 2786 fis,
764 2709 839 2771 oum
874 2710 934 2792 ipsi
968 2709 1003 2771 in
1038 2709 1133 2772 1313
1169 2709 1204 2772 1.
1294 2796 1296 2800 .

190 2834 333 2912 Antonio
369 2849 523 2912 auxilium
558 2848 694 2925 ferrent,
730 2849 901 2932 provinciis
932 2849 1044 2913 Galliis
1076 2848 1204 2934 praefici

189 2989 346 3071 potuisse,
374 2989 512 3072 primum
537 2990 577 3052 ad
600 2990 691 3052 illum
711 2989 853 3072 Appiani
874 2991 913 3050 de
924 2987 1076 3052 Barbatio
1098 2987 1203 3053 133331

188 3149 340 3211 provoca,
383 3130 497 3220 deinde
536 3127 638 3194 adicio
673 3131 712 3192 de
747 3130 864 3193 auxilio
905 3129 945 3192 ab
979 3130 1048 3212 ipso
1084 3099 1206 3193 Caleno⁴

188 3269 329 3332 Antonio
365 3269 432 3332 lato
468 3269 548 3332 nihil
580 3273 743 3346 33331313,
775 3273 844 3332 tum
876 3273 1032 3333 admoneo
1056 3267 1201 3346 Caesari,

187 3430 257 3472 eum
301 3413 374 3492 post
407 3413 533 3492 captam
569 3408 731 3472 Perusiam
768 3410 808 3472 ad
844 3408 965 3473 Gallias
1000 3410 1201 3493 occupandas

186 3548 253 3630 (ubi
284 3549 411 3611 interim
445 3546 582 3612 Galenus
612 3552 757 3611 mortuus
787 3550 868 3632 erat)
904 3548 1064 3632 profectus
1099 3551 1198 3625 esset,

184 3686 255 3750 illas
294 3688 473 3770 provincias
516 3709 580 3750 non
621 3711 639 3751 a
674 3690 812 3770 quodam
847 3690 1052 3771 propraetore
1090 3692 1144 3752 sed
1180 3711 1198 3751 3

184 3823 295 3891 Caleni
327 3827 394 3891 filio
429 3827 564 3890 traditas
598 3849 674 3890 esse.
721 3827 891 3910 Reliquum
926 3827 1026 3910 igitur
1062 3830 1126 3904 est,
1162 3830 1199 3891 ut

184 4013 377 4025 ...—-——-

216 4135 242 4197 l)
259 4136 314 4182 Ant.
336 4133 389 4181 lud.
408 4133 474 4189 xlv,
494 4133 531 4179 10.
552 4133 583 4178 13
601 4134 624 4178 31
644 4131 680 4183 17,
699 4131 728 4179 of.
747 4131 919 4194 Waddington,
938 4133 1018 4180 Fastes
1035 4132 1108 4180 Asiat.
1120 4149 1141 4196 p.
1154 4133 1193 4182 63.
