3106 5086
629 497 667 557 21

139 735 177 810 Q.
203 736 319 811 Dellio‚
354 738 554 808 auctorest,
579 756 650 798 cum
676 733 839 797 Antonius
863 735 1000 816 quadam
1025 734 1112 798 clade
1136 755 1154 796 a

138 876 249 940 Flavio
280 873 372 939 Gallo
404 875 534 956 accepta
558 873 673 936 milites
698 873 881 937 vulneratos
905 876 937 936 et
961 895 1034 936 suae
1059 873 1154 936 saluti

138 1017 341 1099 desperantes
364 1014 554 1078 'circumiret
585 1015 618 1076 et
640 1013 725 1075 bono
748 1013 855 1075 animo
880 1015 985 1075 essent
1008 1012 1152 1075 hortare-

139 1156 208 1228 tur,
242 1175 329 1227 eum,
361 1153 416 1235 qui
445 1152 479 1214 in
511 1153 604 1216 rebus
626 1152 764 1215 adversis
787 1156 853 1214 tam
878 1153 1015 1235 peritum
1039 1153 1150 1216 ducem

137 1293 267 1372 tamque
290 1289 404 1354 fortem
428 1290 561 1354 militem
585 1313 618 1354 se
641 1291 866 1373 praestitisset,
892 1291 1076 1355 amilitibus
1088 1292 1149 1354 im·

137 1434 315 1524 peratorem
342 1430 537 1514 appellatum
560 1452 644 1506 esse,
668 1452 740 1493 cum
765 1429 858 1493 simul
882 1430 1096 1502 exclamarent
1118 1451 1150 1492 se

138 1570 241 1634 salvos
265 1592 348 1645 esse,
373 1570 524 1653 quamdiu
546 1570 635 1633 illum
661 1570 848 1633 incolumem
875 1570 1028 1634 viderent,

183 1710 215 1775 si
245 1712 346 1794 igitur
375 1714 517 1775 vetomm
541 1711 730 1775 testimoniis
754 1712 923 1795 quicquam
947 1711 1151 1775 tribuendum

137 1856 201 1926 est,
225 1873 291 1914 non
314 1872 481 1934 possumus
504 1851 581 1934 quin
606 1852 782 1914 Antonium
805 1852 1029 1933 imperatorem
1055 1852 1150 1915 tertio

136 1989 255 2054 factum
289 2013 355 2055 esse
379 1993 589 2055 concedamus
612 2012 669 2074 per
692 1990 775 2053 hanc
798 1989 1032 2054 infortunatam
1056 2013 1149 2074 expe-

136 2131 307 2206 ditionem,
351 2153 446 2214 quam
489 2130 636 2193 adversus
672 2129 807 2193 Parthos
842 2131 980 2212 suscepit
1015 2135 1150 2194 exeunte

135 2290 208 2331 vere
232 2269 309 2331 anni
334 2270 393 2344 36,
417 2268 550 2351 perfecit
572 2291 680 2332 mense
704 2268 878 2334 Novembri
900 2271 1039 2333 ciusdem
1053 2272 1165 2344 anni,¹

135 2429 199 2490 quo
222 2408 366 2470 nondum
379 2401 501 2470 'exacto
524 2407 751 2471 Alexandriam
775 2409 905 2472 revertit
933 2408 966 2495 ¹).
1004 2408 1063 2476 Sed
1084 2413 1147 2475 iam

64 2595 67 2600 -
134 2549 296 2612 videamus
319 2550 427 2610 utrum
447 2547 622 2609 admittant
641 2549 764 2610 nummi
776 2571 817 2610 an
830 2553 940 2612 vetent
951 2549 1036 2613 hanc
1047 2551 1147 2614 inter-

133 2687 361 2768 pretationem:
398 2686 432 2747 in
469 2685 591 2768 aliquot
626 2687 762 2750 denariis
797 2692 978 2770 tropaeum,
1015 2691 1049 2750 in
1085 2692 1147 2752 alio

133 2826 248 2890 tiaram
280 2830 313 2890 et
344 2849 449 2890 arcum
480 2828 673 2910 sagittasque
696 2827 730 2890 in
754 2829 855 2892 crucis
879 2827 1014 2893 formam
1039 2831 1145 2915 dispo·

133 2966 211 3042 sita,
245 2967 279 3028 in
304 2989 369 3030 uno
394 2967 489 3030 etiam
514 2987 642 3050 proram
666 2967 757 3029 navis
779 2966 901 3050 tropaei
924 2967 997 3051 pedi
1020 2967 1146 3050 adposi-

132 3110 199 3169 tam
230 3107 450 3190 conspicimus.
488 3105 584 3190 'Quae
616 3128 688 3169 cum
719 3107 869 3169 victoriae
900 3106 992 3188 signa
1022 3129 1145 3191 semper

132 3244 167 3305 in
197 3244 305 3307 eadem
336 3249 444 3328 parte,
476 3267 539 3328 qua
562 3245 674 3308 titulus
697 3246 772 3328 imp.
799 3245 859 3328 Ill,
885 3247 1038 3328 collocata
1061 3248 1143 3322 sint,

133 3383 343 3446 dubitandum
378 3405 444 3447 non
475 3388 538 3460 est,
571 3385 647 3466 quin
679 3384 718 3445 ad
749 3385 851 3466 ipsam
874 3386 1002 3448 tertiam
1026 3389 1144 3450 saluta-

132 3519 253 3582 tionem
279 3521 464 3602 pertineant
487 3524 519 3584 et
542 3519 703 3584 Antonius
726 3525 856 3605 propter
880 3523 1018 3607 aliquam
1043 3526 1144 3588 vieto-

131 3659 211 3722 riam
246 3682 263 3723 e
293 3661 387 3725 robus
423 3661 572 3724 Asiaticis
594 3663 718 3743 partam
742 3661 818 3742 imp.
842 3661 892 3724 ΙΙΙ
914 3660 1017 3723 factus
1041 3661 1083 3723 sit
1106 3659 1143 3746 ⁹).

138 3840 315 3852 -ιη-ι-ι

165 3948 190 4013 l)
221 3951 252 3998 lle
270 3953 378 4000 accurate
396 3949 532 4001 constitutis
549 3947 696 4017 temporibus
713 3955 740 4002 cf.
761 3951 856 4003 Fischer
873 3953 965 4006 Zeittal.
985 3975 1007 4022 p.
1027 3957 1081 4007 358.

165 4032 190 4089 2)
207 4034 302 4081 'liuram
321 4037 372 4082 tam
390 4037 419 4082 ad
436 4036 538 4082 Parthos
556 4052 626 4098 quam
645 4038 673 4083 ad
690 4038 815 4086 Armenios
831 4040 951 4103 pertinere
967 4042 1054 4104 possim
1071 4043 1143 4106 scrip·

129 4118 194 4162 tores
218 4120 242 4163 et
266 4117 358 4165 nummi
383 4119 480 4166 docent:
498 4119 560 4181 apud
577 4120 667 4164 veteres
684 4135 727 4181 pro
745 4120 846 4168 cuiusvis
864 4122 962 4170 Asiatici
980 4124 1041 4185 regis
1058 4124 1145 4186 insigni
