3106 5086
710 471 727 534 7

185 700 239 772 'a
271 708 300 772 a
330 707 372 773 v.
404 708 476 772 aar.
508 708 594 776 saxa
625 710 686 788 43,
711 710 922 795 triumphavit
945 733 973 775 a.
999 713 1030 775 a.
1055 711 1129 777 1111.
1152 711 1226 778 usi.

109 885 111 887 ·
185 846 280 912 ·Ian.
313 848 372 927 43,
403 850 438 934 (i.
458 871 484 916 e.
511 850 561 916 die
585 851 642 915 29⁰
663 873 764 915 mens.
783 849 928 935 Dec.43)
941 855 1056 916 etcum
1069 853 1224 935 posteain

84 978 87 982 ’
139 1040 140 1043 η
208 1010 338 1053 nummo
367 1011 388 1053 a
419 1011 451 1054 se
484 1011 558 1055 cuso
590 991 812 1076 proconsulem
843 992 971 1054 tantum
1003 1013 1036 1055 se
1068 993 1223 1078 appellet,

207 1129 290 1196 idem
320 1129 451 1195 titulum
482 1131 682 1216 imperatoris
711 1136 784 1216 post
815 1134 922 1195 actum
946 1131 1144 1217 triumphum
1168 1135 1235 1222 de->

206 1267 313 1349 posuit
338 1264 374 1353 ¹).
409 1308 449 1316 -
475 1267 533 1334 Sin
555 1269 737 1354 triumphus
761 1291 827 1334 non
851 1272 1025 1354 agebatur,
1049 1272 1222 1356 imperato-

207 1407 249 1470 ris
278 1428 395 1472 nomen
428 1412 492 1473 dux
521 1410 645 1474 tamdiu
674 1410 858 1490 obtinebat,
888 1412 1043 1495 quamdiu
1065 1434 1136 1478 cum
1160 1415 1221 1480 im-

45 1617 50 1622 ,
206 1545 292 1638 perio
316 1547 534 1630 proconsulari
558 1551 643 1625 erat,
668 1570 731 1632 quo
751 1550 882 1615 remisso
903 1552 998 1615 etiam
1018 1552 1113 1618 huius
1132 1554 1221 1618 tituli

205 1684 253 1748 ius
282 1685 510 1768 deponebatur.
558 1688 636 1752 Inde
660 1689 802 1773 sequitur
825 1689 1032 1774 imperatores
1054 1711 1121 1754 non
1148 1694 1219 1754 tan-

204 1827 272 1888 tum
297 1844 350 1889 eos
374 1826 490 1904 fuisse,
516 1827 570 1911 qui
589 1830 700 1910 postea
718 1828 837 1892 iustum
857 1831 991 1913 agerent
1008 1818 1218 1911 triumphum,

204 1964 258 2028 sed
291 1965 387 2028 etiam
417 1966 593 2050 permultos
623 1966 717 2044 alios,
743 1968 893 2051 quicum
917 1967 1071 2033 honorem
1096 1970 1218 2054 assequi

204 2124 269 2168 non
312 2109 452 2190 possent.
506 2105 597 2170 Nihil
636 2127 712 2191 ergo
758 2107 833 2170 novi
879 2111 937 2170 aut
980 2107 1117 2171 inauditi
1151 2113 1217 2187 est,
1277 2134 1296 2193 j

203 2244 289 2328 quod
313 2243 340 2329 ⁹)
373 2244 598 2328 »imperatoria
629 2245 802 2330 appellatio
834 2245 929 2309 etiam
962 2246 1030 2310 sinc
1053 2247 1218 2331 triumpho

151 2438 153 2440 .
203 2405 295 2468 saepe
330 2383 406 2448 data
440 2383 518 2449 est'’.
567 2385 669 2448 lmmo
703 2385 781 2449 haec
815 2385 897 2450 ratio
932 2384 1014 2452 falsa
1048 2389 1113 2465 est,
1145 2410 1216 2454 cum
1270 2451 1273 2456 ⁴

192 2521 288 2586 aliud
319 2522 517 2606 triumphus,
549 2524 635 2588 aliud
658 2523 859 2608 imperatoris
882 2526 996 2590 titulus
1020 2528 1077 2607 sit;
1101 2529 1217 2594 titulus

202 2662 243 2726 ab
276 2664 415 2733 exercitu
447 2664 550 2728 solum
576 2645 730 2741 dabatur,
762 2664 942 2748 triumphus
965 2686 1039 2729 vero
1064 2687 1137 2730 cum
1158 2666 1215 2730 illa

202 2802 416 2888 appellatione
459 2805 585 2867 tantum
628 2796 816 2868 coniunctus
842 2793 936 2882 erat,
973 2809 1129 2888 quatenus
1164 2806 1214 2869 ius

200 2942 354 3028 triumphi
391 2943 521 3026 petendi
541 2935 665 3007 dabat.
713 2943 765 3006 Ita
798 2941 937 3007 Plancus
965 2957 1039 3029 post
1073 2943 1212 3027 primum

198 3084 396 3167 triumphum
430 3084 604 3167 imperator
632 3084 749 3148 iterum
779 3083 935 3147 salutatus
959 3086 1021 3161 cst,
1048 3085 1080 3146 et
1102 3087 1211 3147 tamen
1243 3091 1244 3094 ’

198 3243 264 3288 non
286 3224 335 3288 bis
356 3222 595 3308 triumphavit.¹

202 3439 373 3450 —u-—n

214 3582 255 3646 ¹1)
282 3584 359 3633 Simul
384 3587 451 3650 petet
477 3601 548 3648 qnam
574 3585 694 3635 immerito
719 3585 850 3634 Biircklein
874 3586 1045 3652 (chronologia
1064 3591 1105 3639 der
1123 3593 1207 3642 Parth.

194 3663 309 3728 Peldziige
325 3683 347 3730 p.
368 3665 411 3731 57)
430 3667 555 3731 Borghesii
573 3668 797 3718 demonstrationem
813 3684 857 3734 pro
875 3684 931 3717 vera
940 3670 1044 3735 accipere
1053 3672 1205 3733 dubitaverit,

86 3799 88 3802 ,
194 3762 241 3809 qua
257 3747 299 3795 ille
317 3748 397 3797 docuit
415 3748 506 3815 (Opere
525 3751 592 3814 Hp.
611 3751 655 3815 83)
674 3750 798 3799 denarium
815 3750 898 3800 Planci
915 3767 978 3816 proc.
998 3769 1080 3802 cusum
1095 3760 1208 3805 caecante

193 3829 317 3879 denarium
335 3831 419 3880 Planci
436 3831 493 3896 imp.
512 3832 566 3881 iter.
584 3833 673 3881 Planco
690 3833 754 3882 enim
768 3836 827 3897 post
839 3833 989 3898 triumphum
1006 3835 1157 3900 imperatoris
1168 3838 1206 3904 (l)

193 3910 280 3960 titulus
299 3913 450 3978 deponendus
467 3917 533 3974 erat,
551 3917 575 3963 ct
589 3915 716 3965 consulatu
733 3915 814 3964 functo
832 3915 857 3965 in
875 3916 956 3965 Asiam
972 3917 1142 3983 missoprocos.
1152 3924 1205 3970 tan·

192 3996 245 4043 tum
263 4009 311 4043 uon
328 3995 386 4060 imp.
403 4011 493 4060 procos.
510 3997 596 4047 titulus
614 3997 667 4048 luit
1072 3991 1075 3996 ⁴

225 4077 250 4138 2)
276 4078 411 4128 Mommsen
428 4079 496 4129 Rom.
515 4081 612 4130 Stnatsr.
632 4080 659 4128 1²
679 4081 775 4144 p.123.
