3106 5086
665 493 707 556 63

223 736 271 800 Eo
305 736 393 820 ipso,
429 738 514 819 quod
549 734 592 798 M.
628 733 765 797 Antonii
800 732 933 796 alteram
967 730 1193 795 salutationem

174 877 414 962 imperatoriam
445 897 531 939 anno
564 876 607 940 40
640 873 790 937 accidisse
825 871 946 956 accepit
982 870 1194 954 Borghesius,

174 1019 332 1083 adductus
356 1016 451 1078 etiam
475 1019 540 1093 est,
565 1016 602 1079 ut
624 1015 659 1078 in
680 1014 789 1079 multis
808 1013 947 1076 nummis
960 1011 984 1096 Ι)
1003 1011 1193 1088 Antonium,

176 1158 238 1222 etsi
262 1158 435 1242 imperator
457 1158 572 1221 iterum
597 1157 753 1220 salutatus
777 1155 903 1231 fuisset,
920 1155 996 1238 imp.
1010 1155 1054 1239 (Ι)
1067 1157 1194 1217 tontum
1288 1162 1295 1176 ¹

177 1297 333 1382 appellari
364 1299 579 1361 contenderet.
627 1297 688 1360 Sed
719 1297 834 1380 quibus
866 1294 1063 1378 argumentis
1094 1294 1195 1357 fretus

178 1437 264 1502 hanc
299 1460 365 1501 rem
400 1438 532 1523 probat,
576 1459 612 1500 ea
652 1436 745 1500 nobis
788 1436 853 1499 fere
888 1434 1007 1499 nullius
1042 1433 1196 1498 momenti

179 1579 340 1644 videntur.
399 1577 555 1661 Exempla
597 1577 689 1641 affert
729 1574 788 1641 On.
830 1574 1014 1659 Pompeium
1053 1580 1195 1658 patrem,

179 1715 218 1784 O.
254 1716 438 1795 Gaesarem,
474 1717 640 1782 Caesarem
670 1714 743 1779 Divi
767 1715 790 1778 f.
837 1713 887 1779 Ex
911 1714 1025 1799 quibus
1048 1699 1207 1797 Pompei·¹

177 1883 234 1926 um
266 1860 439 1936 seniorem,
466 1859 521 1942 qui
546 1863 595 1921 ter
617 1856 845 1941 triumphavit,
870 1877 1045 1940 numquam
1070 1853 1190 1938 »imp.”

176 2000 346 2085 appellari,
392 1999 467 2082 quia
511 1998 634 2061 nummi
677 1995 759 2063 »On
795 1996 908 2080 Magni
949 1996 1048 2080 imp.'’
1085 2017 1195 2060 omncs

176 2140 219 2204 ad
251 2136 310 2203 On.
343 2138 528 2222 Pompeium
562 2137 664 2201 filium
696 2138 877 2220 pertinent,
905 2137 969 2200 iam
993 2136 1116 2219 pridem
1141 2136 1196 2198 de·

176 2280 392 2345 monstratum
425 2279 474 2341 est
487 2279 524 2357 ²).
572 2277 693 2342 Deinde
724 2278 779 2341 ubi
804 2275 947 2343 Caesaris
970 2277 1093 2340 nomini
1117 2276 1195 2340 titu-

178 2420 230 2524 lus
264 2419 361 2502 imp.‚
396 2438 453 2503 pro
490 2418 587 2502 simp.
620 2418 671 2494 ΙΙ,
696 2419 772 2503 imp.
795 2418 869 2482 lII”
894 2418 1086 2502 apponitur,
1109 2417 1135 2482 is
1159 2438 1196 2481 eo

176 2583 272 2626 sensu
305 2558 418 2625 latiore
448 2558 649 2642 accipiendus
679 2562 744 2635 est,
776 2581 839 2643 quo
872 2560 1001 2643 propius
1033 2559 1061 2623 ei
1092 2560 1196 2642 primo

110 2793 112 2798 Ι
176 2702 249 2768 fuit.
296 2703 445 2787 Namque
479 2701 680 2787 imperatoris
715 2722 832 2764 nomen
868 2721 934 2763 non
970 2701 1103 2783 antiqua
1138 2721 1196 2784 pro

177 2846 428 2922 consuetudine,
460 2867 524 2928 qua
555 2844 588 2908 id
621 2865 693 2907 eum
718 2841 772 2906 alii
796 2845 864 2904 tum
888 2842 955 2925 ipse
978 2863 1104 2925 quoque
1127 2864 1196 2907 sae-

177 2985 249 3070 pius
284 3007 322 3049 ex
357 2985 448 3049 bellis
483 2988 719 3069 reportaverat,
756 2982 811 3045 sed
847 2984 1001 3064 tanquam
1038 2983 1196 3065 peculiare

178 3127 295 3190 summi
319 3125 444 3209 imperii
463 3127 713 3208 cognomentum
734 3125 864 3186 senatus
885 3121 914 3184 ei
933 3122 1047 3186 tribuit
1056 3123 1091 3205 ³).
1116 3121 1197 3196 Quia

178 3269 287 3329 autem
317 3265 344 3329 is
376 3265 489 3327 titulus
519 3261 663 3327 Caesaris
687 3283 864 3346 cognomen
890 3263 991 3326 evasit
1013 3265 1046 3326 et
1068 3267 1197 3327 senatus

176 3406 314 3469 iusserat
337 3399 373 3467 ut
386 3393 455 3466 ‘filii
479 3423 605 3487 quoque
628 3403 809 3486 posterique
833 3404 910 3486 eius
923 3404 971 3467 ita
994 3404 1197 3468 nominaren-

177 3548 250 3621 tur,
287 3543 399 3609 titulus
428 3542 628 3626 imperatoris
660 3542 756 3604 etiam
787 3542 826 3605 ad
859 3539 1025 3606 Caesarem
1056 3543 1128 3607 Divi
1153 3544 1194 3618 f.‚

180 3687 346 3762 heredem,
371 3684 516 3760 transiit,
540 3684 591 3748 cui
615 3684 730 3747 omisso
756 3683 934 3775 iterationis
956 3705 1087 3748 numero
1108 3706 1196 3768 prae-

212 3971 240 4034 1)
259 3972 287 4018 In
304 3967 459 4031 cistophoris,
479 3965 504 4014 iu
526 3963 643 4020 Ventidii,
662 3962 687 4010 in
707 3961 804 4018 Fontei,
820 3961 845 4008 in
861 3960 948 4026 Oppii,
958 3937 983 4008 in
993 3961 1075 4009 Planci
1085 3962 1200 4010 nummis.

214 4053 241 4116 2)
261 4054 396 4100 Mommsen
415 4051 482 4096 Rom.
504 4048 606 4095 Miinzw.
629 4062 650 4109 p.
671 4046 727 4091 654.

215 4135 243 4202 3)
263 4134 308 4181 Dio
327 4135 391 4180 Cass.
409 4132 456 4189 43,
474 4131 513 4177 44.
533 4128 563 4176 of.
583 4128 718 4176 Mommsen
736 4127 835 4174 Staatsr.
855 4126 906 4186 11².
925 4143 948 4190 p.
966 4125 1022 4176 748.
