3104 5084
715 505 758 569 39

228 741 318 808 'suno
354 766 410 827 per
444 744 598 827 reliquam
635 744 728 807 huius
764 743 841 805 anni
870 745 993 826 partem
1018 742 1049 805 M
1054 741 1189 804 ussidius
1213 743 1245 802 et

222 878 391 944 Livineius
423 902 532 945 aureos
565 902 638 944 suos
670 881 895 963 signaverunt,
921 877 1050 942 Clodius
1073 884 1105 941 et
1131 877 1244 942 Vibius

214 1019 394 1092 eleuarios3
427 1015 556 1081 Clodius
584 1039 655 1079 eum
681 1015 862 1092 denarium,
887 1015 938 1077 oui
962 1014 1097 1077 Martem
1122 1015 1161 1076 arl
1186 1036 1243 1097 pu·

209 1173 327 1232 gnam
353 1157 500 1237 paratum
525 1151 702 1235 impressit,
727 1164 797 1214 outo
821 1149 939 1213 bellum
963 1149 1185 1233 Philippense,
1204 1151 1244 1210 ad

205 1291 314 1370 quod
340 1287 443 1371 ipsum
470 1289 611 1370 spectare
636 1286 778 1362 videtur,
804 1285 963 1348 Livineius
988 1287 1093 1347 autem
1114 1305 1243 1346 aureum

200 1443 321 1486 suum
348 1435 421 1507 post
446 1423 610 1486 victoriam
636 1423 718 1505 apurl
743 1421 907 1504 Philippos
931 1411 1071 1504 partam,
1096 1421 1170 1503 quia
1189 1420 1245 1482 illa

198 1559 383 1622 victoriae
413 1559 552 1621 lauream
585 1558 777 1641 porrigentis
806 1557 912 1639 imago
942 1558 981 1618 ad
1002 1556 1167 1619 victoriam
1192 1577 1241 1618 re-

193 1696 389 1772 portatam
415 1715 513 1776 aeque
538 1695 679 1776 spectare
704 1692 813 1767 debet,
839 1695 933 1774 atque
957 1691 1011 1752 illa
1034 1714 1128 1774 quam
1144 1689 1242 1755 (lasea

191 1823 360 1910 Longus
391 1829 423 1890 iu
449 1828 601 1891 honorem
628 1827 721 1890 Bruti
746 1830 961 1912 imperatoris,
988 1827 1021 1888 P.
1049 1826 1184 1909 Scorpus
1208 1826 1240 1887 iu

188 1957 382 2027 honorem
408 1962 545 2030 Antonii
569 1965 766 2048 imperatoris
792 1963 1097 2026 IIIIfeffinxerunt,

271 2098 423 2165 Ceterum
455 2122 496 2162 ue
527 2099 597 2182 quis
629 2098 706 2162 mihi
739 2098 856 2162 obiciat
880 2097 991 2180 Lepidi
1015 2098 1138 2160 nomini
1162 2098 1240 2160 titu-

189 2231 292 2299 hrm
321 2235 474 2298 consulis.
504 2257 567 2318 quo
590 2235 617 2312 is
641 2238 707 2297 tum
733 2235 853 2298 honore
873 2233 1068 2316 fungebatur
1078 2279 1089 2308 ,Α
1099 2233 1239 2320 adserip-

188 2368 293 2433 tum
332 2391 398 2432 esse
434 2370 555 2433 debere.
612 2369 758 2452 Namque
795 2374 831 2433 ut
869 2368 984 2433 (laesor
1021 2369 1132 2431 titulos
1162 2369 1238 2451 imp.

189 2510 316 2585 pout.
350 2525 435 2588 aug,
469 2504 632 2569 Antonius
661 2506 774 2568 titulos
806 2507 883 2588 imp.
914 2527 986 2588 eug.
1011 2504 1142 2580 iomisit,
1166 2503 1240 2586 quia

188 2639 447 2704 triumviratus
478 2641 637 2704 consulari
667 2643 825 2724 potestate
847 2642 995 2703 omnibus
1018 2642 1088 2704 aliis
1112 2640 1239 2701 honori·

193 2769 285 2839 bus
317 2775 528 2858 pensabatur,
563 2777 607 2840 sio
638 2775 775 2858 Lepidus
807 2776 908 2838 lllvir
943 2798 967 2837 r.
993 2798 1023 2858 p.
1048 2797 1072 2838 o.
1111 2778 1238 2836 tautum

192 2910 379 2994 appellari
404 2912 536 2975 videtur.

248 3045 360 3128 ‘Ergo
393 3047 522 3111 Illviris
558 3049 593 3112 L.
626 3049 770 3113 Liuineio
802 3049 924 3131 [tegulo
948 3049 983 3112 P.
1010 3047 1119 3111 Clodio
1145 3047 1189 3110 M.
1215 3052 1238 3108 l.

184 3174 261 3246 Ii.
289 3182 444 3245 Mussidio
468 3184 505 3246 Τ.
529 3185 552 3248 f.
579 3185 691 3268 Longo
715 3184 749 3248 Ο.
776 3186 871 3248 Vibio
896 3186 982 3249 Varo
1007 3206 1092 3248 anno
1116 3185 1158 3246 42
1183 3206 1239 3266 ap-

98 3403 100 3408 ·
190 3317 356 3396 positis,
385 3319 494 3382 multis
519 3321 658 3382 nummis
678 3320 845 3402 explicatio
863 3319 1240 3402 contingeremultaeque

185 3455 256 3514 et
282 3473 392 3536 graves
417 3453 619 3518 difficultates
642 3456 713 3518 tolli
736 3456 815 3519 mihi
840 3457 996 3522 videntur.
