3106 5086
849 475 888 539 18

361 735 429 787 arn,
470 734 551 795 quae
586 713 700 776 aeoidit
731 715 851 776 aestate
886 713 963 778 anni
997 716 1037 778 38
1069 717 1101 778 et
1131 735 1254 778 oausam
1288 715 1378 778 tituli

359 850 558 935 imperatoris
582 854 677 916 tertio
695 853 854 937 adsumpti
874 854 915 916 ab
935 855 1028 918 annis
1047 856 1098 932 37,
1122 856 1174 932 36,
1197 856 1246 918 35·
1259 858 1376 939 peten-

360 992 433 1054 dam
458 1012 532 1054 esse.

543 1478 586 1541 M.
611 1476 834 1544 ANTONIUS
857 1478 1112 1543 IMPERATOR
1135 1480 1194 1544 III.

405 1687 465 1750 His
485 1707 559 1749 vero
578 1684 671 1747 annis
688 1705 784 1767 quam
802 1705 867 1747 rem
888 1682 932 1768 M.
952 1659 1114 1749 Antonius
1132 1686 1291 1769 praeclare
1302 1707 1375 1769 ges-

359 1827 418 1902 sit,
441 1825 481 1888 ob
501 1846 594 1907 quam
616 1823 769 1886 militibus
787 1823 991 1907 imperatorio
1012 1824 1133 1889 honore
1153 1826 1269 1909 dignus
1285 1827 1374 1890 mde-

358 1967 469 2028 retur‘?
515 1962 622 2040 Nihil,
648 1963 788 2044 inquies,
809 1962 907 2025 immo
921 1963 1022 2026 mrdta
1033 1964 1164 2026 adversa
1176 1966 1209 2026 et
1220 1965 1375 2028 damnosa

357 2108 503 2187 expertus
534 2105 591 2168 est.
639 2101 706 2178 lta,
743 2103 796 2165 sed
820 2107 928 2165 tamen
951 2102 1123 2184 imperator
1145 2103 1301 2168 salutatus
1325 2106 1375 2168 ost

358 2251 488 2329 propter
515 2267 564 2308 res
595 2267 613 2308 a
644 2267 676 2306 se
706 2244 792 2326 ipso,
826 2263 889 2305 non
920 2245 1050 2327 propter
1075 2242 1283 2320 alienasset,
1307 2244 1373 2308 suis

358 2384 505 2468 auspiciis
528 2386 642 2466 gestas.

403 2523 575 2607 Postquam
600 2523 685 2586 enim
704 2521 866 2586 Antonius
887 2522 940 2586 diu
960 2528 1067 2586 mente
1085 2524 1234 2587 voluisset
1253 2525 1372 2588 bellum

357 2660 558 2738 Parthicum,
583 2662 671 2727 ouius
695 2662 925 2727 oonfeotionem
949 2664 1039 2748 quasi
1061 2663 1212 2728 victoriae
1231 2665 1370 2748 palmam

357 2803 416 2866 sibi
440 2806 631 2867 reservatam
655 2804 805 2886 putabat,
831 2793 959 2869 tandem
985 2825 1070 2868 anno
1097 2805 1138 2869 38
1162 2805 1230 2887 ipse
1250 2804 1370 2868 bellum

355 2944 509 3007 orientale
542 2943 716 3026 gerendum
751 2943 888 3025 suscepit
920 2942 1131 3025 ignominiose
1162 2943 1308 3006 submoto
1333 2942 1369 3007 P.

355 3081 524 3158 Ventidio,
555 3082 643 3146 onius
673 3103 842 3165 prosperae
866 3080 1013 3143 fortunae
1038 3102 1133 3161 quam
1158 3082 1293 3144 maxime
1316 3081 1369 3145 in-

255 3212 256 3215 *
354 3221 483 3286 videret.
532 3220 656 3284 Bellum
689 3224 794 3284 autem
825 3218 1008 3282 Parthicum
1037 3223 1171 3282 exeunte
1195 3239 1267 3280 vere
1290 3221 1367 3280 anni
1404 3209 1407 3212 ¹
1436 3212 1439 3216 ’

357 3360 398 3424 36
433 3379 541 3442 gerere
575 3358 695 3441 eoepit,
732 3359 816 3442 quod
848 3358 1048 3422 incruentam
1080 3359 1112 3419 et
1140 3356 1366 3440 impulveream

354 3498 518 3564 victoriam
550 3473 610 3562 sibi
641 3499 820 3580 pariturum
847 3518 913 3560 esse
936 3494 1101 3579 sperabat3
1126 3497 1180 3561 sed
1204 3497 1295 3561 aliter
1320 3498 1367 3562 dis
1465 3497 1467 3502 ’

354 3639 457 3703 visum
485 3640 562 3701 erat.
610 3635 756 3719 Namque
786 3635 973 3718 Euphraten
1009 3636 1147 3701 exercitu
1179 3639 1365 3702 transmisso

354 3777 386 3838 et
416 3772 520 3857 Oppio
549 3773 694 3839 Statiano
718 3775 877 3857 praefecto
902 3778 1031 3859 propter
1054 3797 1208 3860 magnum
1231 3743 1364 3861 impedi-

354 3914 534 3976 mentorum
566 3935 733 3977 numerum
766 3913 892 3990 relicto,
922 3915 977 3978 ubi
1001 3895 1097 3998 eaput
1121 3899 1244 3981 Mediae
1268 3916 1364 3981 Atro-

352 4051 487 4133 patenae
519 4071 705 4136 oppugnare
736 4053 857 4136 eoepit,
890 4054 995 4118 subito
1025 4055 1155 4120 nuntius
1180 4057 1294 4121 allatus
1317 4063 1365 4122 est
