3106 5086
683 449 721 511 91

196 690 307 756 landos
340 690 390 755 vel
422 690 462 754 ad
498 689 608 754 breves
643 688 782 773 syllabas
817 688 1036 774 producendas
1063 688 1224 774 digamma

198 829 306 894 littere
351 833 469 913 egent,
514 828 685 913 permultis
719 849 794 893 vero
829 827 922 906 locis,
959 827 1015 892 ubi
1050 827 1223 907 vocabule,

200 989 281 1051 quae
305 967 390 1032 hanc
414 988 592 1034 consonam
617 966 692 1031 olim
716 966 864 1031 habuisse
883 988 900 1030 e
920 966 1013 1031 certis
1031 966 1223 1031 testimoniis

200 1105 344 1180 constat,
397 1103 557 1188 digamma
588 1104 729 1168 litteram
758 1105 924 1188 recusant,
956 1125 1024 1168 non
1055 1105 1117 1168 nisi
1152 1124 1223 1188 gra·

199 1241 340 1306 rioribus
380 1264 477 1326 quam
516 1265 574 1327 par
607 1246 655 1307 ast
683 1243 916 1308 mutationibus
950 1243 1062 1323 factis,
1098 1244 1223 1309 restitui

199 1381 316 1463 potest.

249 1515 334 1592 Quae
364 1540 414 1583 res
445 1519 521 1586 inde
556 1521 707 1605 explicari
739 1520 879 1606 videtur,
914 1521 999 1604 quod
1022 1520 1135 1604 lingua
1156 1516 1222 1584 Ho-

201 1657 317 1721 merica
343 1656 514 1725 artificiosa
536 1658 609 1723 fuit.

247 1794 333 1881 Ergo
358 1797 519 1882 digamma
543 1796 737 1862 carminibus
759 1793 938 1861 Homericis
961 1818 1028 1861 non
1051 1796 1219 1862 restituen-

202 1937 279 1998 dum
313 1938 378 2013 est,
404 1936 467 2000 nisi
490 1935 547 2000 ubi
571 1934 696 2000 hiatum
720 1932 848 2020 supplet
872 1935 921 2001 vol
945 1936 1125 2020 neglectam
1149 1956 1224 2020 pro·

202 2070 388 2136 ductionem
421 2078 559 2139 excusat.
607 2073 641 2140 Si
671 2073 826 2158 probatur
849 2073 1039 2158 posteriores
1063 2073 1224 2157 digamma

204 2211 313 2275 littera
337 2213 542 2296 pronuntiari
568 2213 670 2277 desita
693 2234 818 2277 versum
843 2210 980 2296 aliquem
1006 2213 1163 2288 mutasse,
1187 2213 1225 2274 ut

203 2353 328 2417 hiatum
356 2354 508 2418 tollerent
540 2352 735 2437 syllabamve
758 2351 988 2435 producerem,
1011 2349 1056 2413 ibi
1078 2369 1221 2434 quoque,

206 2490 376 2555 dummodo
400 2490 463 2555 levi
487 2492 681 2570 mutatione,
707 2490 869 2576 digamma
892 2489 1074 2574 recipiatur.

670 2920 764 2986 XIII.

257 3222 371 3289 Zonar.
397 3220 500 3302 VIII,
526 3223 556 3287 4.
583 3222 642 3287 Kal
663 3224 676 3288 i
697 3223 876 3307 notificaris
898 3224 1007 3292 Κννέονν
1027 3227 1069 3300 εἰς
1090 3229 1225 3303 τὺνῬώ-

210 3385 271 3439 μνν
305 3361 475 3426 ἀπέστειλε
501 3362 586 3440 μετὰ
610 3363 737 3444 χρυσίον
761 3359 878 3430 πολλοῦ
903 3365 957 3431 κοοὶ
981 3366 1095 3447 κόσμου
1118 3393 1226 3446 νννοον·

212 3497 292 3561 κεΙον
332 3498 550 3578 corcodomi,
585 3498 620 3565 ἵν’
652 3502 677 3566 εἰ
710 3503 764 3567 nal
794 3528 873 3576 τινες
904 3510 961 3569 τῶν
994 3505 1105 3586 ἀνδρῶν
1143 3507 1224 3573 duri·

212 3642 340 3714 σχοῖεν,
373 3637 449 3702 ἀλλ’
475 3640 507 3703 ai
533 3647 681 3716 γννοοῖκοο
706 3641 826 3718 αὐτῶν,
852 3650 914 3714 τοῖς
940 3641 1063 3721 κόσμοις
1087 3643 1229 3709 duede-

214 3776 371 3855 θεῖσονν,
393 3776 548 3848 κοὶκείνονς
571 3776 837 3859 οννδνονφθενροῖεν.

260 3915 361 3999 Lege:
386 3916 628 3982 οὶνοονοενσθεῖσοοο.
