3106 5086
823 485 864 546 ol

336 723 476 786 nominis
511 723 580 784 loco
608 744 674 784 esse
705 723 819 804 coepit.
867 721 936 796 Qua
960 723 1067 785 eadem
1095 723 1221 784 ratione
1246 744 1353 785 omnes

335 865 445 944 postea
469 862 628 944 principes
652 862 699 924 usi
723 861 928 944 imperatores
954 861 1106 944 appellati
1130 863 1215 923 sunt.

381 997 544 1082 Exemplis
571 999 671 1082 igitur
699 1023 717 1062 a
746 998 920 1083 Borgheeio
941 998 1047 1063 allatis
1067 998 1148 1062 nihil
1168 1000 1271 1076 inest,
1291 1021 1353 1082 quo

235 1157 242 1170 ·
337 1139 572 1202 demonstretur
601 1137 686 1202 hunc
711 1137 846 1202 Antonii
870 1143 1011 1222 tempore
1034 1160 1153 1201 morem
1178 1138 1293 1216 fuisse,
1320 1143 1355 1202 ut

336 1279 510 1363 imperator
549 1301 715 1343 numerum
757 1279 943 1354 iterationis
976 1283 1141 1362 acceptum
1181 1280 1353 1343 omitteret.

336 1419 454 1495 Quodsi
487 1421 521 1484 in
555 1441 618 1484 uno
650 1443 782 1484 nummo
813 1419 934 1484 factum
966 1443 1032 1484 esse
1062 1421 1223 1497 videmus,
1258 1423 1356 1484 errori

212 1640 215 1646 Ι
338 1560 445 1645 potius
468 1561 634 1644 scalptoris
657 1583 752 1644 quam
772 1560 932 1626 voluntati
952 1561 1036 1638 eius,
1056 1561 1144 1625 cuius
1165 1562 1356 1625 auctoritate

338 1721 431 1764 cusus
456 1703 504 1762 est
528 1723 694 1777 nummus,
718 1701 750 1764 id
775 1701 980 1764 tribuendum
1004 1723 1071 1764 esse
1094 1701 1228 1764 videtur.

383 1838 541 1902 Denarius
563 1841 685 1915 autem,
707 1839 796 1903 cuius
817 1839 985 1922 descriptio
1007 1839 1081 1903 hnic
1101 1840 1200 1923 capiti
1215 1841 1358 1922 praefixa

338 1981 403 2054 est,
437 1999 502 2041 non
536 1999 572 2041 eo
606 1981 749 2062 tempore
785 2001 877 2042 cusos
909 2001 974 2043 esse
1008 1980 1086 2042 mihi
1117 1981 1260 2058 ridetur,
1293 2004 1357 2064 quo

341 2113 516 2199 Borghesio
552 2117 638 2180 visus
674 2121 732 2181 est.
779 2118 841 2183 Hic
874 2142 1023 2183 nummus
1053 2143 1090 2184 ex
1118 2121 1264 2186 barbaris
1285 2123 1358 2186 offi-

341 2257 420 2321 cinis
453 2257 584 2320 emissus
614 2260 647 2320 et
677 2258 711 2320 in
743 2259 864 2322 oriente
888 2281 981 2323 casus
1005 2265 1053 2324 est
1076 2284 1175 2345 eaque
1199 2265 1238 2326 de
1262 2285 1359 2327 causa

341 2418 459 2460 nomen
482 2397 682 2479 imperatoris
705 2420 848 2480 quoque,
873 2403 957 2482 quod
982 2397 1126 2464 Ventidii
1149 2403 1275 2466 nomini
1300 2405 1358 2467 ad·

342 2534 468 2634 haeret,
499 2535 534 2598 in
570 2535 609 2598 iis
640 2537 811 2634 provinciis
842 2542 969 2621 partum
1001 2541 1066 2615 est,
1100 2539 1155 2602 ubi
1186 2538 1359 2602 Ventidius

341 2681 415 2761 post
449 2700 568 2740 annum
605 2679 647 2741 40
683 2678 802 2741 bellum
838 2680 978 2762 gerebat.
1038 2679 1083 2744 Ut
1117 2702 1289 2764 parumper
1325 2681 1360 2743 in

339 2819 442 2880 medio
471 2819 670 2900 relinquatur
701 2821 741 2881 ad
771 2823 877 2882 utram
906 2820 1086 2896 victoriam,
1113 2821 1153 2882 ad
1178 2819 1360 2902 primamne

338 2957 376 3021 de
400 2957 540 3021 Labieno
566 2963 665 3032 (anno
691 2959 765 3041 39),
789 2982 837 3024 an.
855 2961 895 3021 ad
919 2960 1053 3022 alteram
1077 2963 1115 3023 de
1134 2959 1263 3024 Parthis
1287 2961 1358 3048 (38)

337 3101 534 3180 reportatam
559 3067 671 3161 titulus
694 3099 771 3181 imp.
793 3097 977 3162 referendus
996 3100 1056 3175 sit,
1077 3099 1248 3163 Ventidius
1270 3107 1360 3166 certo

336 3238 510 3320 imperator
540 3239 697 3300 salutatus
729 3242 794 3314 est,
826 3241 997 3321 antequam
1030 3238 1191 3302 Antonius
1216 3240 1285 3322 ipse
1309 3262 1360 3304 res

340 3376 480 3441 Orientis
504 3354 698 3478 ordinandas
722 3371 868 3459 suscepit.
916 3377 995 3452 Inde
1019 3377 1162 3459 sequitur
1177 3376 1360 3458 'imperato-

340 3517 422 3580 rium
459 3537 574 3578 nomen
607 3515 696 3592 duci,
720 3538 914 3598 quamquam
939 3537 1004 3578 nou
1028 3516 1092 3578 suis
1116 3515 1265 3598 auspiciis
1289 3538 1359 3579 rem

339 3656 481 3739 gerenti,
502 3655 661 3731 oblatum,
682 3655 743 3718 hoc
760 3657 901 3738 tempore
921 3655 1075 3736 permissu
1092 3654 1157 3716 eius
1173 3675 1239 3717 non
1251 3676 1359 3738 egere,

340 3817 436 3888 penes
472 3818 565 3878 quem
598 3795 738 3878 auspicia
770 3794 846 3857 belli
873 3794 947 3856 sint.
995 3795 1109 3876 ltaque
1143 3794 1184 3856 ob
1218 3794 1361 3876 primam

337 3937 376 3999 de
405 3924 545 3998 Labieno
570 3935 703 3997 relatam
727 3933 893 3996 victoriam
917 3933 1106 3996 Ventidium
1129 3934 1358 4016 imperatorem

334 4075 508 4138 salutatum
532 4095 599 4136 esse
623 4093 723 4155 aequo
750 4072 817 4134 iure
841 4072 989 4135 contendi
1011 4073 1116 4154 potest
1139 4071 1177 4135 ac
1197 4094 1253 4154 per
1275 4073 1357 4137 alte-
