3106 5086
835 443 895 548 oo'

346 713 449 776 locum
476 713 683 776 substitutum
707 736 773 778 esse
799 716 1000 799 provinciae,
1025 738 1121 799 quam
1144 717 1197 780 ille
1220 723 1373 803 remei,

348 852 566 935 praefectum?
609 853 652 916 nt
684 857 762 919 lunc
794 856 1004 940 intelligimus
1029 879 1085 920 cur
1107 857 1264 941 primum,
1291 880 1372 942 pro-

347 997 545 1076 quaestorem
586 1015 692 1078 propr.
729 1017 761 1058 se
797 995 940 1059 nominet
976 995 1089 1071 filule,
1125 1018 1188 1079 quo
1222 997 1272 1059 nli
1300 999 1371 1061 'de-

346 1133 416 1197 buit
451 1134 522 1212 ille,
558 1135 670 1219 quiin
698 1135 838 1199 absentis
870 1137 1043 1219 quaestoris
1068 1137 1171 1200 locum
1197 1137 1372 1214 subvenit3

346 1274 475 1350 deinde,
519 1275 677 1359 quomodo
713 1275 852 1339 eiusdem
888 1277 983 1360 plane
1017 1277 1183 1340 commatis
1215 1299 1372 1342 nummos

248 1441 252 1449 ·
347 1414 460 1478 cudere
495 1417 635 1498 potuerit
669 1437 727 1499 pro
762 1415 907 1479 Barbatii
940 1417 1069 1479 nomine
1104 1438 1197 1480 suum
1233 1419 1369 1480 mutum

346 1555 551 1620 substituens.
600 1555 738 1619 Nervam
765 1577 906 1639 quoque,
932 1555 987 1638 qui
1013 1557 1045 1617 el
1069 1553 1212 1621 Caesaris
1236 1559 1268 1618 et
1293 1554 1370 1619 An·
1467 1591 1469 1596 ·

252 1763 256 1770 ,
345 1695 427 1758 ionii
450 1695 570 1758 amicus
593 1697 678 1771 erat,
704 1695 876 1758 maximam
896 1716 1024 1778 operam
1045 1694 1166 1758 dedisse
1189 1693 1282 1757 facile
1295 1716 1369 1758 ore·

345 1831 473 1908 demus,
507 1834 543 1894 ul
565 1833 766 1896 concordiam
791 1833 984 1897 IIIvirorum
1008 1833 1162 1896 inlaesam
1188 1837 1343 1897 servares.
1443 1879 1445 1882 -
1483 1879 1488 1884 -

392 1969 459 2034 Hos
490 1992 600 2036 omnes
633 1993 780 2036 nummos
813 1973 847 2035 in
871 1972 978 2056 aliqua
1003 1973 1043 2036 ab
1067 1973 1144 2036 urbe
1168 1972 1270 2036 Roma
1295 1971 1367 2035 lca-
1469 2021 1471 2023 »

346 2115 450 2198 liaque
484 2114 652 2177 remotiore
683 2114 847 2196 provincia
876 2115 979 2178 lucem
1010 2116 1112 2198 primo
1136 2114 1268 2189 vidisse,
1295 2113 1368 2197 ipse

345 2276 470 2339 quoque
497 2256 669 2334 ‘contextus
700 2276 805 2316 rerum
837 2253 948 2316 docere
971 2253 1105 2316 videtur.
1153 2251 1302 2334 Namque
1330 2251 1366 2313 in

329 2395 453 2478 'aliqua
478 2393 591 2457 Italiae
613 2394 793 2476 propinqua
816 2392 981 2475 provincia
1004 2392 1076 2455 cudi
1089 2393 1365 2474 nonpoluerunl‚

346 2534 407 2598 nisi
449 2533 599 2616 quamdiu
642 2532 755 2596 Illviri
796 2532 966 2595 concordes
1005 2533 1208 2606 manserunt,
1243 2530 1274 2591 id
1315 2533 1365 2593 est

345 2677 421 2736 anie
452 2673 570 2736 bellum
599 2671 805 2748 Perusinum,
838 2671 923 2754 quod
955 2671 1008 2734 vix
1039 2670 1107 2732 fieri
1133 2669 1241 2753 potuit
1263 2669 1290 2732 si
1316 2669 1364 2734 M.

343 2813 451 2877 Nerva
478 2813 629 2876 Barbano
653 2812 810 2876 successii.
860 2810 998 2886 Conna,
1024 2811 1098 2893 qnia
1122 2809 1168 2873 M.
1193 2808 1363 2874 Antonius

342 2954 472 3017 landem
495 2953 589 3017 inicio
613 2952 691 3015 anni
712 2953 773 3028 40,
798 2973 870 3015 cum
892 2949 1086 3014 Alexandria
1106 2950 1253 3014 Athenas
1266 2953 1362 3015 navi·
1395 2958 1398 2963 '

343 3098 450 3177 garet,
475 3099 621 3158 accurate
644 3092 795 3176 cognovit
817 3113 897 3175 quae
921 3113 940 3152 a
963 3089 999 3153 L.
1024 3088 1170 3153 Antonio
1183 3089 1363 3172 Fulviaque

344 3236 377 3295 cl
419 3232 551 3297 Caesare
586 3239 676 3318 gesta
709 3233 852 3308 dionant,
889 3231 923 3294 hi
957 3231 1078 3293 nummi
1114 3231 1225 3293 melius
1262 3231 1362 3295 ali'cui

343 3370 483 3434 Orientis
514 3372 694 3454 provinciae
722 3371 927 3436 conveniunt.
975 3370 1066 3446 Quod
1097 3391 1191 3454 porro
1224 3369 1260 3433 L.
1289 3368 1361 3432 An-

341 3513 422 3576 tonii
440 3512 559 3596 effigies
578 3511 716 3575 nummis
733 3511 780 3574 ila
799 3510 909 3594 procul
930 3511 970 3577 ab
990 3510 1068 3574 urbe
1087 3511 1186 3587 cusis,
1207 3510 1363 3593 impressa
1447 3598 1449 3600 Ι

296 3739 297 3742 ¹
341 3653 407 3727 est,
443 3671 510 3713 non
544 3649 729 3734 incredibile
764 3652 813 3712 esi
843 3648 1030 3712 Barbaiium
1063 3653 1096 3712 et
1119 3649 1260 3713 Nervam
1290 3670 1361 3712 uon

340 3789 442 3853 solum
476 3790 618 3873 ipsorum
649 3789 841 3882 IIIvirorum
865 3790 920 3852 sed
943 3790 976 3852 el
999 3787 1043 3851 M.
1068 3788 1206 3852 Antonii
1229 3789 1359 3869 frairis,

341 3931 498 4007 consulis,
522 3931 631 3994 landes
657 3931 860 3994 celebrandas
885 3932 1073 4016 suscepisse,
1098 3953 1161 4015 quo
1186 3932 1247 3995 sibi
1266 3930 1357 3996 favo-

340 4094 406 4136 rem
431 4071 474 4135 M.
500 4070 636 4137 Antonii
661 4075 890 4153 compararent.
938 4071 1085 4135 Celerum
1110 4093 1212 4154 neque
1233 4071 1267 4134 L.
1283 4071 1356 4136 An·
