3106 5086
684 509 703 570 9

236 747 295 812 His
331 749 511 833 praemissis
542 748 606 811 iam
639 747 673 811 in
706 747 805 831 ipsius
835 745 969 811 Antonii
1000 746 1207 811 salutationes

188 885 410 969 imperatorias
435 885 634 969 inquiramus
659 890 691 950 et
714 886 853 969 primum
876 887 1003 970 quidem
1028 887 1168 951 dieamus

425 1105 484 1171 nn
509 1107 553 1170 11.
578 1105 775 1172 aurorae
798 1105 889 1171 rur.
913 1108 967 1192 (1).

235 1298 287 1363 Ad
320 1299 455 1383 primam
490 1298 535 1362 M.
559 1296 697 1362 Antonii
720 1297 946 1361 salutationem
970 1296 1207 1380 imperatoriam

191 1459 265 1502 suae
297 1439 362 1502 sedi
395 1439 627 1522 adsignandam
659 1439 721 1501 due
752 1437 814 1502 loei
836 1437 959 1501 laudari
982 1434 1100 1513 solent,
1125 1457 1206 1519 quo·

190 1601 262 1642 rum
297 1600 379 1642 unus
416 1581 544 1642 tantum
583 1579 623 1642 ad
655 1581 798 1642 nestram
830 1599 897 1641 rem
925 1576 1012 1642 iacit.
1059 1575 1206 1660 Namque

191 1717 333 1802 Appiani
364 1718 486 1796 leeurn,
512 1718 567 1781 ubi
590 1718 687 1810 tradit
710 1716 890 1782 Antonium
913 1716 1087 1797 στρατηγὸν
1110 1718 1205 1782 adro·

192 1854 325 1935 κράτορα
356 1858 497 1920 creatum
528 1879 595 1922 esse
620 1853 656 1942 ¹),
680 1856 764 1921 nihil
787 1857 865 1922 lueis
890 1857 982 1922 nobis
1006 1859 1131 1937 aderre,
1155 1859 1205 1922 lu-

191 1997 406 2061 culentissime
449 1999 570 2063 docuit
599 1996 807 2061 Drumannus
843 1997 880 2082 ²).
939 1996 1065 2060 Titulus
1100 1998 1207 2060 autem

192 2137 387 2217 αὐτοκράτωρ
421 2137 482 2201 hoe
513 2137 584 2201 loeo
618 2138 727 2201 eodem
751 2158 846 2201 sensu
869 2137 1055 2213 adhibetur,
1079 2155 1143 2219 quo
1167 2135 1207 2199 ab

194 2282 321 2343 auctore
357 2279 468 2342 nostre
500 2273 1208 2357 1111111111.11111011101011111111111111111113),

192 2415 214 2480 i.
240 2437 266 2480 e.
299 2416 471 2479 seeundum
503 2416 606 2502 ipsam
637 2416 725 2480 verbi
756 2382 820 2482 ¹vim
850 2438 922 2480 eum
954 2415 1143 2499 designem,
1168 2414 1208 2477 ad

192 2575 286 2637 quem
310 2575 329 2616 a
351 2554 470 2638 popule
499 2555 667 2639 imperium
693 2555 833 2619 delatum
858 2560 913 2620 est.
962 2555 1147 2631 Praeterea,
1172 2554 1209 2616 ut

191 2693 259 2756 iam
290 2693 372 2758 nihil
396 2694 498 2758 dicam
523 2696 562 2759 de
585 2694 706 2759 honore
729 2694 861 2758 militari
884 2715 904 2757 a
926 2692 1045 2778 popule
1066 2695 1208 2770 decreta,

194 2853 303 2897 nonne
335 2836 384 2898 est
415 2834 501 2916 quod
533 2834 683 2899 miremur
711 2835 860 2900 censuum
884 2833 919 2898 L.
945 2832 1124 2898 Antonium
1147 2832 1208 2895 im·

193 2976 372 3058 peratorem
405 2973 579 3038 salutatum
611 2977 698 3040 esse?
721 2975 747 3060 ⁴)
791 2973 893 3038 Immo
925 2973 1118 3055 αὐτοκράτωρ
1151 2975 1208 3039 ὑπὸ

192 3119 246 3178 τοῦ
282 3114 376 3191 δήμου
410 3114 659 3195 προσαγορευθεὶς
692 3113 724 3178 11.
749 3112 770 3177 l.
800 3113 882 3177 nihil
913 3113 1000 3177 aliud
1029 3110 1208 3196 signifieat,

192 3275 288 3339 quam
321 3254 489 3339 imperium
513 3255 542 3318 ei
563 3276 582 3318 a
605 3254 725 3339 populo
748 3275 814 3318 esse
838 3253 978 3317 delatum
1002 3255 1039 3316 ut
1062 3253 1208 3316 senatus·
1314 3256 1316 3260 ’

194 3395 395 3473 consultum,
431 3412 493 3478 quo
529 3393 641 3458 IIIriri
683 3394 790 3458 hostes
824 3394 901 3477 reip.
931 3393 1063 3457 iudicati
1097 3395 1207 3470 erant,
1304 3395 1307 3400 “

195 3535 426 3616 exsequeretur.
474 3533 586 3617 Itaque
610 3555 692 3597 unus
717 3536 842 3597 tantum
868 3533 956 3598 loeus
976 3536 1132 3617 superest,
1152 3532 1208 3616 qui

193 3670 428 3755 aliquantulum
466 3672 545 3737 lueis
580 3673 615 3737 in
652 3673 792 3738 tenebris
834 3674 935 3741 affert.
982 3674 1019 3739 In
1057 3672 1208 3739 Oratione

198 3853 373 3865 ..ψ-

227 3973 480 4038 naaman
592 3971 1071 4038 ,ammmmupm.,

228 4056 453 4121 anuum
569 4123 570 4126 Ἴ

222 4138 257 4203 4)
275 4138 300 4187 id
317 4131 380 4202 quod
397 4139 498 4188 eredidit
514 4137 594 4202 Lange
612 4139 681 4187 aem.
700 4138 805 4189 Alterth.
824 4141 882 4189 111²
901 4157 925 4205 p.
944 4141 999 4192 567.
