3106 5086
873 463 913 526 16

385 701 600 768 celebravisse.
644 701 773 786 Itaque,
810 721 881 766 cum
916 701 952 765 in
987 701 1145 787 plerisque
1179 702 1218 766 ab
1256 700 1406 768 Antonio

386 844 463 928 imp.
488 843 541 908 Ill
560 843 695 928 signatis
715 798 855 907 nummis
875 841 1065 906 emblemata
1081 797 1232 907 uictoriae
1243 823 1419 908 Asiaticae·

387 984 641 1070 conspiciantur,
673 985 765 1048 tertia
795 983 980 1050 acclamatio
1004 982 1044 1046 ab
1068 983 1118 1048 his
1140 981 1283 1048 Ventidii
1306 983 1403 1086 retus

387 1145 536 1208 prospere
559 1123 658 1208 gestis
681 1122 786 1188 aliena
809 1125 866 1188 cst.
903 1122 1023 1188 Contra
1042 1124 1082 1188 ad
1101 1124 1237 1208 primam
1257 1122 1407 1190 Ventidii

362 1233 366 1242 ι
388 1265 554 1330 victoriam
584 1265 676 1351 (anni
709 1263 765 1352 39)
790 1265 911 1330 nullam
936 1266 975 1329 de
997 1263 1134 1329 Antonii
1157 1263 1408 1330 salutationibus

390 1403 549 1491 portinere
580 1404 718 1491 patebit,
741 1407 768 1470 si
792 1406 832 1470 ad
854 1406 959 1471 locum
983 1403 1096 1470 Dionis
1121 1405 1183 1470 huc
1207 1407 1409 1489 spectantem

391 1546 638 1624 attenderimus;
657 1568 750 1631 quem
763 1547 787 1632 ¹)
806 1548 910 1610 totum
931 1546 989 1632 sub
1008 1545 1110 1610 oculis
1122 1565 1257 1631 ponam:
1271 1546 1409 1611 ἐνταῦθα

392 1687 422 1754 δέ
444 1687 498 1762 ἤδη
519 1687 603 1768 αὐτῷ
621 1684 683 1752 ίντι
703 1686 717 1750 ὅ
732 1688 875 1758 Αντώνιος
890 1684 1038 1767 ἐξαίφνης
1052 1685 1182 1760 ἐτιστοὶς
1196 1687 1229 1751 οὐ
1242 1682 1330 1763 μόνον
1343 1690 1409 1768 οὐχ
1460 1665 1463 1668 ¹

394 1821 466 1900 ίίσίη
498 1824 586 1889 ἀλλὰ
615 1824 667 1889 καί
696 1823 877 1910 ἐφίίνησεν,
900 1823 946 1890 ἐτι
971 1823 1052 1904 ἔδοξέ
1075 1850 1105 1891 τι
1130 1829 1199 1891 καθ’
1223 1823 1331 1891 ἐαντίν
1357 1831 1412 1904 ἦν·
1539 1865 1542 1868 -

394 1965 624 2046 δραναίῆσίαι·
650 1963 702 2030 καί
728 1965 778 2032 inlr
801 1969 890 2031 τοῦτο
910 1965 962 2029 καὶ
984 1973 1038 2041 τῆς
1050 1967 1151 2045 ἄρκῆσ
1165 1964 1258 2032 αὐτὸν
1272 1964 1414 2047 ἐτανσε,

394 2105 448 2171 καί
466 2106 503 2178 ’ἐς
523 2104 604 2172 οὐδὲν
626 2105 670 2172 ἐτι
691 2104 754 2172 οὔτ’
775 2106 890 2172 αὐτίκα
909 2103 970 2171 οὔθ’
990 2103 1111 2186 ὕστερον
1133 2108 1217 2187 αὐτῷ
1235 2108 1411 2188 ἐχρήσατο,

395 2246 494 2311 καίτοι
530 2246 582 2312 καί
620 2246 791 2326 ἱερομηνίας
826 2247 876 2312 ἐτ’
910 2247 1096 2328 ἀμφοτέροις
1133 2256 1195 2321 τοῖς
1226 2247 1323 2329 ἔργοις
1355 2251 1412 2315 καί

395 2385 528 2449 ἐπινίκια
568 2386 605 2450 δι’
631 2371 730 2451 αὐτὸν
764 2385 882 2462 λαβών.
943 2384 988 2449 Οἵ
1021 2412 1059 2464 γε
1092 2389 1152 2465 μὴν
1184 2391 1213 2454 ἐν
1243 2391 1285 2470 τῷ
1318 2387 1412 2458 ἄστει

396 2527 539 2604 Ῥωμαῖοι
572 2525 766 2607 ἐψηφίσαντο
798 2525 854 2602 μίν
885 2529 989 2590 ταῦτα
1021 2529 1062 2606 τῷ
1096 2530 1244 2611 Ἀντωνίῳ
1277 2531 1333 2617 (sc.
1366 2533 1412 2597 ‘rol

398 2666 544 2753 taratara)
577 2666 648 2747 τρίς
680 2691 715 2732 τε
746 2667 780 2732 τὸ
812 2661 945 2748 τροῦχον
969 2669 1063 2732 αὐτοῦ
1088 2669 1139 2732 καί
1164 2669 1198 2732 ἐκ
1222 2673 1275 2733 τοῦ
1300 2669 1413 2756 νόμον,

395 2803 440 2872 ἐτι
477 2810 493 2883 ἡ
530 2810 707 2888 στρατηγία
742 2809 854 2874 ἐκείνου
892 2805 943 2893 ἦν,
981 2810 1177 2890 ἐψηφίσαντο
1213 2810 1243 2875 δὲ
1280 2811 1332 2876 καί
1368 2815 1414 2893 τῷ

397 2945 539 3012 Οὐεντιδί
563 2996 570 3012 .

441 3087 502 3164 His
524 3089 628 3163 uerbis
653 3089 714 3153 Dio
739 3109 798 3152 nos
821 3090 969 3153 certiores
992 3088 1071 3153 facit
1093 3095 1223 3174 propter
1242 3097 1414 3176 utramque

395 3225 560 3290 victoriam
589 3227 735 3291 Antonio
766 3192 1031 3311 supplicationes,
1060 3232 1190 3311 propter
1213 3252 1310 3291 unam
1335 3234 1413 3294 tan-

395 3367 465 3428 turn
500 3365 677 3449 (ultimam,
714 3371 751 3431 ut
784 3378 823 3430 eir
857 3368 933 3430 locis
969 3388 1064 3448 supra
1095 3367 1232 3431 laudatis
1263 3370 1412 3454 apparet)

395 3481 595 3590 triumphum
631 3506 792 3570 decretum
827 3527 902 3570 esse.
951 3505 1008 3571 Sin
1042 3509 1147 3571 autem
1184 3530 1294 3572 verum
1329 3513 1414 3573 esset

396 3645 481 3729 qnod
504 3644 697 3730 Borghesius
722 3646 850 3723 scribit,
875 3647 930 3730 qui
953 3646 1134 3711 Antonium
1159 3650 1253 3714 tertio
1273 3651 1413 3734 impera-

394 3789 496 3850 torem
527 3787 701 3852 salutatum
730 3809 796 3853 esse
828 3790 897 3853 vult
929 3794 1059 3874 propter
1094 3789 1239 3858 Ventidii
1270 3795 1413 3880 priscam

432 4060 725 4139 ammam
