3106 5086
678 474 721 540 67

237 735 284 802 ῃ.
310 709 409 777 Navis
428 713 534 780 velata
550 713 581 777 d.
598 721 641 770 M·
655 718 1199 770 nnn-run·oos·nas·1rna·nr·

306 866 696 917 susurratur-c·

233 994 358 1079 (Oohen
380 997 464 1063 Med.
489 999 576 1084 Imp²
601 999 626 1064 Ι.
651 1020 724 1084 pag.
751 999 804 1065 54.
831 998 899 1078 55.)

233 1278 369 1345 Facilius
393 1280 480 1346 dictu
504 1285 553 1346 est
574 1304 637 1366 quo
660 1287 802 1366 tempore
825 1282 859 1344 hi
883 1281 919 1346 O.
940 1257 1055 1346 Fontei
1077 1280 1203 1344 nummi

185 1421 254 1484 cusi
286 1421 369 1499 sint,
401 1443 497 1506 qnam
529 1421 585 1487 ubi
613 1422 764 1487 locorum.
812 1421 896 1486 Nam
921 1422 1034 1498 exiis,
1059 1424 1202 1505 quaeda

185 1561 232 1626 Μ.
259 1561 402 1627 Antonio
425 1563 586 1648 impiam
609 1564 811 1640 dictasunt,
835 1562 970 1627 efficitur
987 1562 1200 1646 consignatos

51 1781 53 1784 Ι
183 1720 252 1764 esse
282 1704 356 1784 post
386 1700 497 1766 foedus
529 1724 600 1766 cum
632 1702 700 1768 Sex.
738 1702 889 1787 Pompeio
925 1703 1007 1767 circa
1038 1702 1198 1766 Misenum

182 1839 303 1918 ictum,
334 1843 506 1925 antequam
531 1862 605 1906 vero
631 1842 670 1904 de
693 1840 814 1906 Pacoro
837 1840 1008 1905 Ventidius
1031 1840 1199 1904 victoriam

182 1981 367 2063 reportarit.
416 1980 485 2056 Qua
517 1983 555 2045 de
586 2001 681 2044 causa
709 1981 744 2043 in
776 1981 854 2044 serie
883 2000 1086 2043 nummorum
1110 1979 1198 2042 locus

179 2120 221 2184 iis
244 2120 462 2204 adsignandus
486 2121 590 2185 estin
613 2121 786 2204 posteriore
809 2120 887 2182 anni
912 2120 973 2195 39,
996 2119 1101 2201 priore
1120 2118 1198 2181 anni

184 2259 228 2325 38
259 2263 367 2346 parte3
399 2262 510 2326 eodem
540 2262 642 2345 igitur
672 2265 814 2345 tempora
846 2259 880 2324 O.
908 2258 1059 2323 Fonteius
1084 2257 1198 2342 Capito

183 2396 277 2460 alicui
308 2398 353 2462 M.
386 2397 523 2463 Antonii
554 2400 736 2483 provinciae
767 2398 915 2484 praefuit.
962 2397 1125 2473 Quaenam
1161 2419 1198 2462 ea

184 2539 349 2622 provincia
381 2540 494 2618 fuerit,
537 2541 640 2625 prima
683 2541 786 2624 specie
823 2539 948 2604 difficile
989 2541 1076 2603 dictu
1110 2538 1197 2603 ride·
1280 2576 1281 2580 =

184 2681 236 2741 tur
278 2680 426 2744 omnibus
468 2681 672 2765 scriptoribus
716 2685 755 2782 et*
790 2681 947 2764 lapidibus
985 2679 1023 2742 de
1062 2657 1195 2742 Fonteio

183 2825 386 2904 propraetore
407 2821 595 2885 tacentibus.
645 2821 800 2886 Attamen
824 2821 930 2904 aliqua
940 2818 1084 2884 veritatis
1096 2818 1198 2902 specie

184 2917 335 3025 contendi
365 2963 472 3044 potest
502 2961 721 3025 Macedoniam
752 2965 784 3024 ot
817 2959 971 3024 Achaiam
1001 2960 1100 3024 fuisse
1123 2980 1198 3045 pro·

184 3083 338 3178 vinciam,
370 3123 467 3186 quam
498 3103 716 3186 proconsulari
745 3101 877 3186 imperio
909 3121 1022 3185 regens
1046 3099 1197 3164 Fonteius

184 3241 241 3305 hos
280 3264 428 3306 nummos
463 3244 625 3327 percussit.
674 3243 878 3308 Testimoniis
910 3244 1099 3328 scriptorum
1135 3243 1198 3306 nisi

184 3403 279 3466 supra
314 3384 601 3449 demonstravimus
636 3385 780 3448 omnium
814 3384 858 3448 M.
895 3383 1032 3449 Antonii
1065 3384 1197 3468 provin·

182 3523 301 3588 ciarum
324 3524 418 3590 huius
441 3501 594 3610 temporis
617 3526 776 3610 praesides
799 3525 892 3590 nobis
916 3529 1009 3590 notos
1034 3547 1101 3590 esse
1120 3525 1198 3588 dua·

181 3661 239 3729 bus
263 3665 436 3750 provinciis
460 3666 597 3751 exceptis
621 3665 809 3731 Macedonia
833 3688 904 3730 oum
924 3665 1047 3729 Achaia
1058 3668 1090 3729 et
1102 3662 1199 3729 Creta

182 3826 254 3870 oum
278 3805 464 3892 Cyrenaica.
511 3806 560 3871 Ex
588 3807 702 3891 quibus
729 3805 949 3870 Macedoniam
971 3804 1078 3888 potius
1101 3827 1198 3890 quem

181 3945 310 4042 Cretam
352 3944 486 4012 Fonteio
527 3946 725 4031 provinciam
762 3968 829 4010 esse
863 3946 970 4009 datam
1010 3945 1085 4008 inde
1116 3943 1196 4008 effici

181 4083 324 4162 videtur,
349 4087 432 4167 qnod
457 4087 595 4150 nummis
620 4086 660 4149 ab
684 4108 720 4149 eo
745 4086 879 4169 signatis
903 4085 1077 4149 similitudo
1101 4105 1197 4167 quae·
