3106 5086
821 501 862 564 28

333 737 418 798 sunt.
468 733 548 801 Cum
585 741 690 800 autem
728 745 876 802 accurate
911 740 1047 803 sciamus
1079 739 1232 824 Lepidum
1256 747 1346 824 pont.

333 897 415 939 max.
451 879 592 940 creatum
623 900 689 942 esse
721 901 828 943 mense
858 879 954 943 Mart.
979 882 1057 943 anni
1080 882 1141 957 44,
1167 881 1348 945 Antonium
1465 925 1468 932 -

332 1015 409 1095 imp.
446 1014 620 1079 salutatum
654 1039 720 1081 esse
755 1018 839 1082 bello
871 1018 1066 1096 Mutinensi,
1098 1020 1183 1103 quod
1214 1021 1264 1084 die
1289 1021 1347 1084 21⁰

332 1155 449 1219 mensis
482 1154 560 1239 Apr.
591 1156 633 1220 43
658 1157 839 1221 eonfeetum
862 1161 928 1240 est,
952 1158 1187 1222 triumuiratum
1212 1159 1347 1243 denique

331 1294 473 1377 legitime
508 1296 717 1360 constitutum
754 1318 820 1360 esse
856 1297 905 1360 die
940 1298 997 1361 27ο
1028 1321 1069 1361 m.
1096 1298 1258 1363 novembr.
1283 1299 1345 1372 43,

331 1435 474 1518 sequitur
495 1435 554 1498 hos
578 1457 687 1500 omnes
711 1458 858 1500 nummos
880 1437 928 1499 illi
952 1439 1089 1520 tempori
1113 1438 1267 1521 originem
1289 1437 1345 1501 de-

331 1577 421 1654 bere,
457 1597 520 1660 quo
556 1574 718 1641 Antonius
753 1579 793 1640 ad
828 1578 872 1642 M.
908 1579 1061 1662 Lepidum
1094 1578 1254 1662 profugit,
1289 1579 1344 1662 qui

331 1715 520 1798 proconsule
543 1715 715 1797 provinciis
739 1715 912 1800 Hispaniae
937 1717 1121 1802 Galliaeque
1141 1718 1345 1782 Narbonensi

330 1859 493 1939 praeerat,
523 1857 602 1918 tune
634 1859 740 1919 autem
770 1857 922 1940 temporis
951 1858 986 1920 in
1018 1857 1122 1922 Gallia
1148 1858 1343 1921 morabatur.

330 1995 415 2060 Huic
450 1995 495 2058 rei
526 1995 645 2078 optime
677 1996 872 2060 conveniunt
904 1996 1025 2059 denarii
1054 2000 1085 2060 et
1109 1996 1263 2080 quinarii,
1289 1996 1344 2078 qui

329 2157 440 2201 omnes
464 2138 504 2200 ab
527 2135 673 2200 Antonio
697 2136 879 2221 Lepidoque
902 2137 1098 2201 ooniunetim
1118 2137 1236 2221 signati
1255 2141 1341 2202 sunt.

329 2275 377 2340 De
407 2276 510 2340 titulis
539 2297 628 2352 vere,
661 2298 740 2360 quos
772 2276 885 2340 lllviri
923 2276 1024 2338 futuri
1060 2275 1123 2338 suis
1159 2274 1343 2336 nominibus

327 2420 508 2500 adponunt‚
545 2419 701 2500 quantum
736 2418 776 2478 ad
808 2413 987 2478 Antonium
1019 2415 1110 2497 imp,
1143 2414 1250 2477 omnia
1275 2435 1341 2478 sese

325 2562 409 2622 reete
444 2556 579 2632 habent,
617 2555 771 2639 Lepidum
805 2559 910 2618 autem
942 2557 1069 2618 constat
1098 2553 1155 2616 illo
1178 2557 1339 2637 tempore,

325 2717 388 2779 quo
412 2717 507 2779 supra
531 2695 681 2777 descripti
708 2694 832 2757 nummi
850 2694 1026 2758 necessario
1045 2694 1111 2758 cusi
1132 2697 1224 2768 sunt,
1238 2693 1339 2780 impe-

324 2840 461 2900 ratorem
491 2837 606 2899 iterum
638 2835 734 2898 fuisse
761 2835 795 2919 ¹).
843 2835 903 2900 Sed
936 2835 980 2897 M.
1014 2834 1152 2917 Lepidus
1184 2834 1260 2916 imp.
1294 2834 1338 2917 (l)

324 2995 377 3038 eos
400 2996 466 3038 non
491 2975 593 3049 cudit,
618 2974 734 3057 quippe
757 2974 811 3056 qui
836 2995 921 3037 anno
946 2974 988 3037 47
1013 2975 1090 3056 imp.
1114 2975 1156 3058 (Ι)
1181 2973 1338 3036 salutatus

322 3116 431 3177 eodem
456 3136 541 3177 anno
565 3112 763 3194 triumphum
788 3113 906 3195 egerit,
932 3133 995 3194 quo
1018 3114 1161 3194 tempore
1184 3115 1337 3195 pecuniae
1378 3140 1382 3147 ·

322 3275 387 3315 una
411 3274 482 3315 oum
507 3251 651 3315 Antonio
675 3251 851 3332 signandae
874 3249 964 3312 nulla
983 3248 1120 3311 faeultas
1137 3249 1209 3311 fuit.
1224 3246 1335 3310 Potius

321 3391 513 3455 admiremur
532 3409 594 3472 quo
615 3389 709 3470 paeto
733 3387 871 3470 Lepidus
895 3390 927 3452 et
947 3386 1110 3452 Antonius
1133 3387 1168 3451 in
1192 3408 1256 3450 uno
1281 3407 1334 3450 eo-

321 3533 454 3614 demque
477 3549 610 3593 nummo
634 3527 767 3591 coarantes
790 3526 1009 3610 appellentur,
1034 3528 1089 3610 qui
1113 3551 1288 3612 numquam
1302 3532 1334 3593 et

320 3691 477 3751 nusquam
506 3690 570 3730 una
593 3667 679 3730 hune
702 3665 854 3730 honorem
879 3668 1045 3751 gesserint.
1091 3667 1142 3732 Ad
1166 3671 1249 3733 hano
1273 3670 1333 3733 dif-

318 3807 493 3871 ficultatem
516 3806 692 3870 tollendam
715 3805 793 3869 haee
816 3829 881 3870 una
904 3811 1031 3871 tantum
1053 3809 1105 3873 via
1126 3811 1218 3874 nobis
1231 3812 1330 3894 patet,

353 4042 378 4106 1)
399 4041 446 4090 Cio.
465 4041 508 4105 Ep.
527 4042 563 4093 ad.
581 4042 645 4093 Fam.
664 4042 704 4090 lib.
723 4040 746 4090 X
766 4058 802 4106 ep.
819 4044 858 4101 34,
874 4045 914 4103 35,
929 4044 996 4092 datae
1014 4042 1095 4092 diebus
1112 4043 1188 4095 22⁰et
1199 4043 1339 4094 300mens..

319 4125 379 4178 Mai.
403 4126 443 4175 43.
750 4151 752 4155 ·
