3106 5086
756 469 798 534 68

269 702 342 764 dam
374 703 494 767 moduli
524 709 556 769 et
578 705 682 790 operis
715 709 764 770 est
793 729 864 770 cum
888 707 948 790 iis,
973 728 1052 791 quos
1076 711 1189 791 postea
1213 709 1294 796 (32)

266 839 300 904 O.
327 839 433 904 Sosius
457 841 614 926 Zacynthi
637 844 742 921 cudit,
767 845 881 909 deinde
895 847 979 929 quod
992 868 1028 911 ec
1042 848 1198 932 tempore,
1211 869 1292 912 cum

263 978 413 1054 Fonteius
444 981 599 1066 imagines
631 984 769 1050 Antonii
800 989 833 1048 et
869 985 1024 1050 Octaviae
1058 987 1187 1052 iunctas
1220 987 1293 1052 aeri

262 1144 318 1186 suo
353 1123 531 1207 impressit,
568 1123 601 1186 bi
633 1124 763 1188 Attenia
793 1125 1016 1205 morabantur,
1051 1149 1189 1210 quorum
1212 1129 1292 1211 ipsa

261 1262 440 1348 praesentia
475 1261 609 1326 fortasse
645 1262 796 1328 Fonteius
833 1266 988 1330 adductus
1023 1269 1071 1330 est
1106 1269 1142 1331 ut
1174 1268 1290 1350 capita

262 1401 399 1465 anona
430 1403 464 1464 c
493 1401 643 1466 occense
672 1402 803 1486 eligeres
826 1425 884 1488 pro
908 1403 1002 1468 sone
1026 1403 1095 1468 rau
1126 1403 1289 1469 turonus
1390 1386 1392 1391 ’

262 1541 412 1626 imagine.
459 1541 531 1605 Hoc
561 1563 687 1625 quoque
719 1543 933 1606 comesturam
967 1545 1110 1606 nostram
1135 1542 1290 1606 stabilire

259 1683 401 1758 videtur,
426 1682 511 1764 quod
538 1685 665 1745 auctore
690 1681 825 1745 Horatio
851 1680 1003 1745 Fonteius
1016 1680 1134 1744 foederi
1146 1681 1289 1746 'Ferenti

258 1821 343 1884 facto
371 1819 528 1884 interfuit.
579 1819 681 1896 Quam
712 1789 806 1884 facile
825 1820 929 1924 enim,
953 1820 980 1884 si
1008 1820 1063 1884 ille
1084 1840 1176 1904 prop.
1202 1841 1285 1903 pro-

262 1962 383 2026 vinciae
405 1962 611 2027 Macedoniae
634 1965 666 2026 ct
689 1961 831 2026 Achaiae
854 1959 934 2037 fuit,
959 1959 999 2022 ab
1013 1957 1158 2023 Antonio
1172 1956 1286 2023 Athe-

261 2104 311 2168 nis
332 2104 367 2167 in
392 2105 520 2168 Italiam
544 2101 725 2188 profecturo
750 2100 919 2165 comitibus
943 2098 1007 2162 suis
1031 2097 1105 2161 addi
1124 2097 1286 2181 potuerit,

262 2243 295 2306 id
325 2245 485 2308 neminem
515 2243 611 2326 fugit.
661 2241 737 2306 Veri
762 2239 864 2304 simile
880 2239 984 2324 igitur
1007 2242 1055 2302 est
1079 2237 1165 2301 bunc
1190 2235 1286 2302 Fon·
1314 2332 1320 2342 ,
1392 2232 1394 2236 ’

259 2382 375 2457 16111111,
401 2383 457 2465 qui
485 2382 631 2445 »Antoni
656 2402 721 2443 non
746 2385 782 2443 ut
806 2379 907 2462 magis
931 2378 1011 2450 alter
1035 2377 1176 2441 amicus”
1199 2382 1285 2457 erat,
1410 2468 1412 2472 Ι

264 2518 301 2583 Ο.
325 2519 445 2582 Μ61610
470 2520 663 2600 Censorino,
689 2521 940 2604 adcensulatum
953 2523 1127 2605 gerendum
1140 2525 1287 2592 exeunte

264 2682 349 2726 anno
374 2663 416 2754 411
441 2661 577 2726 1161116111
599 2662 761 2746 profecto,
785 2662 969 2727 successisse
992 2662 1026 2726 in
1049 2662 1189 2746 regende
1209 2663 1288 2727 Ma·

262 2803 394 2867 cedcnia
424 2807 457 2868 et
479 2805 617 2882 Achaia,
644 2827 739 2888 quam
753 2804 959 2892 sprevinciam
983 2804 1097 2868 deinde
1120 2804 1287 2868 remiserit

263 2943 394 3006 ineunte
414 2965 486 3007 vere
511 2944 588 3007 anni
613 2944 653 3008 37
679 2966 751 3008 cum
775 2945 953 3008 Antonium
976 2946 1011 3008 in
1034 2944 1159 3009 ltaliam
1184 2947 1285 3010 comi·

262 3086 392 3148 teretur.
429 3083 546 3149 Statim
581 3088 654 3168 post
689 3105 798 3168 pacem
829 3082 947 3148 iactam
975 3105 1046 3148 cum
1071 3083 1217 3147 Antonio
1244 3085 1285 3149 in

186 3293 187 3298 η
264 3221 428 3287 Orientem
452 3224 640 3301 festinavit‚.
657 3246 676 3287 a
695 3245 758 3308 quo
779 3224 819 3287 ad
838 3223 1039 3309 Cleopatram
1057 3225 1284 3289 arcessendam
1333 3183 1335 3186 -

263 3362 298 3425 in
321 3361 507 3446 Aegyptum
533 3362 646 3456 missus
670 3367 726 3426 est.
774 3362 862 3427 Haec
885 3364 993 3428 omnia
1017 3369 1111 3440 sunt,
1135 3385 1218 3447 quae
1239 3365 1284 3430 de

264 3500 300 3568 O.
331 3500 465 3565 Fonteio
495 3502 545 3566 vel
576 3524 615 3565 cx
639 3500 845 3586 scriptoribus
868 3495 990 3581 afferri,
1014 3504 1064 3567 vel
1088 3507 1126 3567 de
1149 3504 1284 3569 conieca

261 3647 335 3708 tura
366 3642 519 3705 constitui
549 3644 693 3726 possunt.
740 3640 890 3704 Fueritne
920 3642 947 3705 is
977 3642 1072 3706 ctiam
1096 3642 1283 3727 praefectus

263 3783 387 3859 classis,
412 3783 447 3860 in
470 3782 592 3846 incerto
616 3783 720 3845 estet
744 3801 867 3864 semper
891 3781 960 3860 erit,
987 3783 1048 3846 nisi
1071 3783 1226 3848 auxilium
1239 3808 1283 3851 ex

262 3919 421 4002 lapidibus
444 3922 493 3984 vel
518 3921 587 3985 aliis
611 3921 793 3986 auctoribus
817 3921 992 3990 subveniat.
1040 3987 1042 3990 .

691 4122 852 4133 ——-....
