3106 5086
683 463 735 561 ὀν

197 735 327 799 Proavo
362 738 467 799 autem
500 735 623 800 Nervae
656 737 733 820 imp.
768 759 962 821 praenomen
994 738 1102 803 Marco
1124 738 1220 802 tuisse

201 873 428 958 inscriptiones
451 878 616 939 testantur.
667 875 804 941 Etcum
828 880 1074 961 duorum,quoa
1088 880 1222 942 noverat

203 1013 391 1098 Appianus‚
416 1015 591 1080 Nervarum
618 1017 825 1099 praenomina
837 1017 930 1082 facile
943 1016 1139 1082 confundere
1151 1038 1222 1101 pos·

203 1159 269 1230 sat,
304 1177 368 1219 non
401 1156 509 1233 video,
542 1179 598 1220 our
625 1156 810 1221 Scholiastis
836 1158 1023 1222 Horatianis
1047 1157 1223 1222 inhaere

203 1315 271 1358 non
302 1296 395 1379 plura
418 1295 557 1359 tribuam
581 1319 677 1380 quam
704 1296 863 1381 Appiano.
911 1297 984 1362 Huc
1007 1298 1070 1362 alia
1094 1320 1144 1363 rer
1169 1321 1222 1363 ac·

202 1431 296 1494 cedit.
344 1430 530 1517 Appianus‚
566 1440 736 1518 postquam
771 1438 810 1500 de
848 1436 978 1501 Fuluiae
1009 1439 1111 1501 morte
1135 1437 1223 1520 egit,

205 1572 300 1655 (quae
336 1573 452 1636 accidit
481 1595 568 1637 anno
601 1575 656 1644 40)
689 1577 735 1639 ita
767 1599 896 1640 narrare
923 1577 1046 1662 pergit:
1074 1579 1222 1649 »Λεύκιος

204 1711 304 1794 (lege:
319 1711 459 1797 Μαίονος)
472 1713 502 1777 δὲ
516 1709 549 1786 ἦν
564 1717 705 1787 Κοκκήιος
722 1716 852 1794 ἑκατέρῳ
865 1715 1024 1801 (Antonio
1037 1720 1071 1781 et
1082 1715 1223 1803 Caesari)

204 1851 314 1928 φίλος,
339 1854 389 1914 καί
418 1853 474 1916 ὑπὸ
500 1854 651 1934 Καίσαρος
676 1856 704 1923 ἐς
731 1859 867 1927 Φοινίκιν
891 1862 944 1920 τοῦ
969 1856 1109 1937 προτέρου
1124 1844 1221 1936 itacui

203 1989 387 2054 ἀπέσταλτο
414 1994 483 2071 πρὸς
510 1994 560 2055 τὸν
586 1996 743 2058 ’Λντώνιον
767 1996 851 2070 μετὰ
878 1997 1019 2072 Καικίνα,
1046 1997 1221 2068 ἐπανιόντος

206 2132 235 2195 δὲ
267 2138 319 2197 τοῦ
346 2135 477 2196 Καικίνα
505 2141 575 2212 παρ’
602 2134 753 2212 Ἀντωνίῳ
778 2136 957 2212 κατέμενεν.
1003 2135 1135 2200 Aestate
1160 2137 1223 2219 igi-

208 2275 260 2335 tur
284 2274 362 2336 anni
387 2275 426 2337 41
453 2275 492 2337 ad
519 2276 695 2338 Antonium
721 2277 835 2340 missus
858 2281 936 2353 erat,
961 2277 1044 2360 quod
1058 2280 1224 2359 praeterea
1258 2297 1259 2300 ’

204 2412 341 2477 affirmat
375 2415 513 2479 eiusdem
548 2415 622 2479 libri
654 2416 758 2480 locus:
797 2419 857 2502 (cp.
892 2419 948 2503 21)
981 2418 1032 2481 καί
1065 2419 1140 2482 rotis
1165 2420 1223 2496 μὲν

203 2555 258 2636 (sc.
293 2575 433 2620 recessus
465 2555 597 2620 Fuluiae
628 2557 779 2640 Luciique
811 2556 947 2621 Antonii
972 2559 1011 2620 ad
1036 2558 1220 2646 Praeneste)

204 2696 361 2777 ἐγράφετο
394 2704 469 2776 παρ’
500 2699 648 2778 ἑκατέραν
681 2699 829 2777 Ἀντωνίῳ
858 2701 908 2762 καί
945 2699 1031 2776 Φίλοι
1055 2699 1141 2773 μετὰ
1165 2706 1222 2762 τῶν

203 2839 401 2917 γραμμάτων
439 2840 468 2910 ἐς
503 2839 595 2902 αυτὸν
629 2839 822 2920 ἐπέμποντο,
855 2831 881 2902 οἳ
913 2837 1065 2902 διδάσκειν
1091 2836 1222 2914 ἔμελλον

207 2980 272 3058 περὶ
299 2979 446 3042 ἕκαστον.
494 2978 638 3042 Exeunte
661 2978 761 3062 igitur
784 2980 905 3042 aestate
921 2979 977 3061 ¹vel
1003 2979 1133 3042 ineunte
1147 2999 1222 3042 auc·

205 3122 318 3182 tumno
351 3122 392 3181 ad
415 3118 526 3182 Asiam
550 3118 707 3201 appellere
731 3118 838 3201 potnit
864 3116 985 3194 Nerva,
1010 3117 1066 3182 ubi
1091 3139 1163 3182 cunr
1192 3122 1225 3182 et

205 3258 370 3320 advenerit
390 3263 464 3340 post
484 3258 526 3320 M.
551 3257 696 3320 Barbatii
713 3258 883 3321 discessum
896 3261 929 3322 et·
940 3261 1020 3322 teste
1032 3257 1183 3343 Appiano
1198 3257 1225 3346 ¹)

209 3398 397 3460 remanserit
420 3419 518 3481 usque
543 3400 583 3461 ad
606 3398 767 3480 sequentis
792 3399 870 3461 anni
890 3421 960 3476 ver5
983 3401 1144 3483 quomodo
1157 3402 1227 3464 ani-

204 3557 293 3600 mum
317 3558 384 3600 non
405 3537 492 3601 subit
518 3531 670 3620 cogitatio
693 3559 765 3600 eum
790 3537 830 3599 ab
856 3536 1001 3600 Antonio
1023 3536 1059 3599 in
1081 3535 1225 3600 Barbatii
1301 3593 1302 3596 ,

205 3731 396 3752 οι--μ

243 3871 266 3934 1)
284 3875 312 3922 Β.
332 3875 358 3922 C.
377 3871 406 3921 V.
427 3873 465 3920 60.
499 3869 578 3920 Verba
602 3872 659 3934 παρ’
681 3860 802 3934 Ἀντωνίῳ
821 3864 950 3929 κατέμενον
967 3869 1046 3935 potius
1065 3867 1128 3919 dicta
1146 3869 1227 3920 viden·

206 3958 248 4004 tur
271 3959 298 4004 ut
321 3955 435 4004 maiorem
459 3954 508 4002 vim
527 3954 645 4003 obtineret
663 3954 753 4002 reditus
772 3954 899 4010 Caecinae,
919 3969 991 4015 quam
1009 3956 1037 4000 ut
1054 3953 1227 4017 exprimeretur

208 4039 312 4086 Nervam
339 4053 410 4086 omne
436 4038 481 4084 hoc
506 4041 601 4101 tempus
627 4038 651 4085 in
681 4037 779 4084 Antonii
804 4036 938 4100 praesentia
964 4036 1070 4094 trivisae;
1090 4035 1181 4084 vatent:
1202 4035 1227 4084 iu

207 4120 306 4168 Oriente
325 4118 448 4187 remansit.
