3106 5086
562 492 603 556 73

116 735 163 799 Re
186 736 293 798 autem
317 754 466 818 prospere
491 737 580 816 gesta
603 730 735 809 (laesor,
756 735 925 817 postquam
940 733 987 797 ld.
1001 732 1085 798 Nor.
1161 703 1162 706 Ἴ

71 898 170 941 ovans
202 873 312 940 urbem
343 873 504 958 ingressus
536 875 599 948 cst,
630 872 785 936 derebus
809 873 966 938 Parthicis
990 877 1086 938 etde

71 1014 209 1078 Antonii
232 1012 327 1078 tertia
345 1012 538 1076 salutatione
557 1011 603 1075 ibi
623 1011 738 1076 certior
751 1011 856 1076 factus
868 1012 960 1095 est¹).
983 1012 1085 1088 Quam

68 1155 110 1218 ob
127 1176 195 1218 rem
213 1154 248 1218 in
267 1152 376 1219 Sicilia
397 1175 479 1217 unus
491 1155 620 1216 tantum
633 1152 747 1216 horum
760 1174 962 1216 nummorum
972 1154 1006 1217 in
1019 1175 1084 1237 quo

68 1297 226 1380 triquetra
245 1298 278 1359 et
296 1294 434 1359 Antonii
453 1294 565 1358 titulus
590 1293 710 1377 »imp.”
726 1295 752 1378 ²)
771 1294 998 1371 inveniuntur,
1019 1315 1085 1392 non

69 1437 132 1501 nisi
156 1437 270 1520 exiguo
292 1435 349 1500 illo
372 1435 524 1519 temporis
543 1434 646 1518 spatio
667 1455 759 1498 cusus
780 1454 846 1496 csso
864 1437 986 1516 potest,
1000 1435 1085 1518 quod

70 1578 132 1641 fuit
155 1577 240 1640 inter
262 1575 418 1659 proelium
442 1573 664 1638 Naulochcnse
683 1575 715 1637 ct
734 1573 905 1637 discessum
921 1574 961 1636 ad
974 1574 1085 1637 urbem

71 1719 261 1783 Tarentum:
292 1715 411 1799 reliqui·
435 1735 527 1791 vcro,
551 1713 606 1798 qui
629 1714 670 1778 ad
692 1737 791 1778 unum
815 1735 925 1780 omnes
950 1713 1086 1779 Antonii

71 1862 181 1925 titulos
215 1859 292 1942 imp.
328 1857 389 1922 ΙΙΙ.
424 1878 487 1922 cos.
526 1856 589 1920 des.
626 1855 670 1920 Π.
704 1858 737 1919 et
766 1854 827 1921 III.
859 1857 1018 1940 iungunt,
1050 1857 1085 1921 in
1150 1891 1152 1896 ·

71 1998 176 2064 Sicilia
205 1997 325 2082 signati
354 2017 419 2060 non
445 1999 539 2073 sunt,
564 1995 639 2079 quia
663 2017 760 2061 naves
784 1996 921 2062 Antonii
945 2021 981 2062 eo
1004 2001 1085 2061 tam-

71 2161 146 2224 pore
173 2140 238 2203 iam
262 2162 281 2201 a
302 2138 409 2202 Sicilia
431 2137 592 2222 profectae
609 2117 716 2213 crant,
743 2157 805 2221 quo
830 2136 966 2202 Antonii
991 2138 1085 2204 tertia

71 2279 219 2344 salutatio
242 2279 288 2343 ibi
310 2278 463 2343 innotuit.

114 2419 246 2483 Factum
267 2419 332 2482 iam
345 2441 411 2482 csse
423 2421 544 2503 potest,'
567 2423 602 2482 ut
614 2418 658 2482 M.
673 2417 814 2504 Oppius,
828 2443 935 2505 propr.
950 2421 1083 2488 alicuius

70 2559 107 2623 de
129 2560 263 2625 Antonii
281 2559 471 2644 provinciis,
491 2560 604 2623 missus
618 2559 660 2623 sit
672 2560 728 2643 qui
740 2582 838 2623 naves
850 2562 1022 2639 reduceret,
1041 2601 1082 2611 -
1130 2549 1132 2554 ⁸

70 2706 172 2783 potest
195 2702 309 2778 etiam,
340 2703 377 2764 ut
400 2701 467 2764 cius
491 2701 613 2764 nummi
638 2700 822 2763 brevissimo
845 2699 901 2764 illo
930 2703 1081 2785 temporis

70 2841 169 2925 spatio
205 2841 272 2904 cusi
305 2842 381 2923 siut,
417 2863 481 2924 quo
516 2841 552 2904 in
586 2840 698 2904 Italiae
734 2841 949 2905 meridionalis
973 2841 1082 2906 littore

69 2982 209 3044 moratus
243 2979 295 3056 sit,
322 2979 402 3064 (ipse
425 3002 497 3044 cum
521 2981 674 3044 Atratino
698 2981 790 3045 classi
813 3003 880 3046 non
903 2981 1085 3066 praefuerat

68 3120 118 3184 cui
148 3119 264 3185 Caesar
295 3120 435 3183 Taurum
468 3120 674 3206 praefecerat)
700 3160 740 3169 —
765 3123 819 3186 sed
843 3122 970 3186 veritati
994 3123 1083 3188 nulla

68 3260 101 3324 vi
135 3260 280 3324 adhibita
315 3260 422 3343 potius
456 3261 501 3324 ibi
537 3283 628 3325 cusos
662 3283 729 3325 esse
760 3263 988 3340 concedamus,
1020 3286 1083 3346 quo

69 3400 160 3486 signa
196 3400 334 3465 nummis
356 3399 509 3485 impressa
532 3404 674 3486 spectare
699 3401 864 3466 videntur:
889 3405 922 3467 ia
946 3404 1083 3468 Pisidia.

103 3795 130 3858 1)
150 3795 194 3843 Dio
212 3795 276 3844 cass.
293 3797 335 3853 49,
353 3796 392 3843 32.

103 3877 130 3942 2)
147 3877 173 3925 Si
199 3877 296 3925 omnino
322 3876 456 3925 iterationis
481 3891 593 3926 numerus
616 3878 680 3938 (ΙΙΙ)
702 3878 728 3926 in
751 3878 924 3928 dslineamento
948 3880 1084 3931 Cohcniano

72 3961 134 4024 (pag.
153 3960 195 4021 56)
217 3973 297 4007 errore
315 3954 362 4006 riou
379 3959 479 4030 omissus
496 3962 539 4018 est,
558 3959 597 4007 vix
615 3959 685 4008 aliter
703 3961 754 4008 fieri
771 3965 849 4025 potest
866 3978 937 4025 quam
955 3967 982 4012 ut
1002 3969 1085 4012 nume·

66 4059 106 4092 rus
127 4059 140 4091 a
164 4042 280 4106 scalptore
298 4042 329 4090 sit
346 4042 474 4105 neglectus,
494 4057 549 4090 nam
567 4043 648 4090 tressis
666 4043 779 4102 Atratini,
798 4060 866 4093 cusus
883 4046 988 4094 Antonio
1007 4046 1081 4111 impe·

67 4127 147 4176 ratorc
165 4125 215 4182 ΙΙΙ,
233 4139 261 4172 ex
279 4123 344 4172 omni
360 4126 429 4188 parte
445 4123 531 4172 similis
547 4127 583 4172 est
600 4125 681 4173 tressis
698 4125 809 4190 Oppiani.
