3106 5086
843 504 883 564 52

356 745 495 809 Pontum
519 745 651 827 regeret.
677 743 736 806 Cui
761 742 941 827 provinciae
965 763 1034 804 cum
1061 764 1131 804 eum
1156 741 1377 823 praepositum

355 886 555 950 inveniamus
587 885 683 948 etiam
715 904 799 946 anno
833 883 874 946 35
892 867 931 964 ¹),
964 879 1044 946 nihil
1068 881 1175 945 obstat
1199 882 1377 965 quominus

356 1047 456 1110 usque
491 1027 530 1088 ed
565 1024 662 1087 finem
700 1023 777 1086 anni
810 1024 852 1087 33
882 1023 965 1087 idom
998 1043 1070 1086 eum
1099 1043 1215 1086 munus
1239 1022 1379 1105 gessisse

355 1167 572 1228 adseveramus
600 1162 723 1246 (consul
747 1161 809 1224 fuit
833 1182 918 1224 anno
944 1162 1021 1244 32).
1070 1161 1173 1235 Quare
1195 1162 1230 1224 in
1254 1161 1376 1246 Bithy-

353 1305 425 1367 niae
451 1302 630 1388 praesidum
654 1301 891 1365 enumeratione
914 1301 991 1364 duas
1016 1322 1142 1384 quoque
1167 1301 1296 1364 lacunas
1322 1302 1376 1364 of·
1492 1296 1496 1305 '

252 1465 254 1470 ·
356 1443 531 1519 tendimus,
561 1441 696 1525 primam
723 1441 801 1503 anni
826 1441 866 1504 41
893 1443 925 1503 et
948 1440 1060 1522 prioris
1085 1440 1162 1503 anni
1185 1441 1227 1504 40
1253 1441 1377 1526 partis,

357 1586 489 1648 alteram
520 1602 676 1646 annorum
709 1582 750 1644 32
775 1582 808 1643 et
832 1581 871 1644 31
898 1580 1010 1664 (usque
1034 1580 1074 1642 ad
1097 1601 1125 1643 a.
1153 1579 1185 1646 d.
1212 1579 1259 1644 IV
1284 1579 1377 1645 Non.
1488 1659 1489 1662 Ἴ

357 1721 467 1807 Sept).

407 1863 438 1927 5.
464 1863 495 1926 6.
520 1863 656 1926 Ineunte
676 1862 778 1926 hieme
797 1864 875 1925 anni
894 1864 935 1926 41
957 1863 1119 1928 Antonius
1139 1864 1173 1926 in
1188 1863 1379 1950 Aegyptum

357 2001 519 2084 protectus
549 2001 585 2067 L.
619 2001 784 2065 Decidium
816 2001 930 2066 Saxam
960 2002 1101 2086 legatum
1131 2001 1239 2087 Syriae
1262 2008 1312 2082 et,
1340 2008 1380 2069 ut

357 2144 483 2208 videtur
495 2141 540 2229 ⁹),
571 2142 693 2207 Ciliciae
716 2143 811 2206 etiam
835 2145 1027 2227 praeposuit.
1067 2144 1270 2227 Insequentis
1294 2147 1377 2209 anni

356 2302 428 2344 vere
454 2279 566 2343 Parthi
589 2282 621 2343 et
648 2279 816 2357 Labienus,
841 2280 923 2346 Saxa
947 2287 1094 2366 superato
1118 2284 1300 2367 occisoque,
1325 2285 1378 2348 illi

357 2417 502 2484 Ciliciam
539 2422 571 2482 et
606 2418 730 2502 Syriam
765 2424 941 2503 occupant,
976 2422 1028 2487 hic
1060 2423 1171 2487 Asiam
1206 2447 1303 2508 usque
1334 2399 1377 2490 ad

359 2561 450 2625 littus
474 2561 625 2634 Ionicum¹
638 2562 740 2626 victor
761 2564 913 2643 pervadit.
956 2564 1035 2628 Post
1060 2563 1170 2628 foedus
1194 2564 1376 2628 Brundusi-

360 2723 439 2764 num
461 2698 496 2763 Ρ.
520 2700 690 2765 Ventidius
714 2701 831 2766 Bassus
854 2700 983 2767 Ciliciae
1003 2708 1035 2766 et
1051 2703 1162 2787 ‘Syriae
1183 2705 1375 2790 praefectus,

357 2841 544 2926 proconsule
568 2841 608 2903 ab
633 2841 777 2904 Antonio
798 2845 838 2903 ad
858 2841 1049 2905 Parthorum
1066 2843 1204 2925 impetus
1216 2843 1375 2925 frangen-

346 2981 412 3068 dos
447 2982 482 3044 in
517 2980 680 3044 Orientem
715 2982 830 3045 missus
865 2984 922 3044 est.
970 2981 1001 3045 A
1033 2981 1161 3046 Parthis
1188 2982 1289 3065 igitur
1312 2981 1376 3046 hae

355 3121 535 3206 provinciae
559 3121 702 3184 obsessae
723 3120 854 3183 luerunt
876 3121 952 3184 inde
975 3144 994 3184 a
1017 3109 1089 3186 vere
1112 3123 1190 3185 anni
1208 3119 1251 3186 40
1270 3145 1374 3205 usque

356 3260 396 3322 ad
428 3262 580 3322 aestatem
610 3260 806 3342 insequentis
829 3260 923 3336 anni,
948 3271 1010 3344 quo
1035 3264 1177 3344 tempore
1200 3261 1374 3327 Ventidius

355 3400 457 3484 prima
487 3399 525 3462 de
555 3399 594 3462 iis
616 3399 748 3462 victoria
771 3402 855 3484 apud
879 3399 1019 3463 Taurum
1042 3403 1185 3464 montem
1208 3405 1374 3484 reportata

354 3538 515 3615 Ciliciam,
540 3506 640 3602 altera
663 3542 747 3623 apud
770 3539 934 3602 Amanum
959 3544 1117 3617 montem,
1141 3541 1266 3625 Syriam
1288 3564 1372 3624 quo·

321 3664 325 3676 ἦ
353 3702 415 3763 que
439 3679 497 3742 sub
521 3680 710 3763 potestatem
734 3678 951 3743 Romanorum
975 3681 1106 3762 redegit.
1141 3680 1217 3744 Post
1240 3682 1373 3745 tertiam

385 4041 412 4104 l)
430 4040 494 4088 Plut.
514 4040 555 4088 vit.
574 4039 673 4087 Antonii
692 4041 730 4088 56.
834 4043 861 4105 2)
880 4041 981 4089 Schillcr
998 4042 1014 4090 l.
1035 4043 1050 4090 l.
1070 4058 1091 4106 p.
1110 4045 1142 4089 44
1160 4047 1266 4092 annotat.
1288 4078 1290 4082 -
1320 4005 1321 4010 ¹

386 4128 412 4193 3)
429 4129 463 4176 Eo
480 4144 549 4176 sensu
569 4129 641 4176 Ἀσία
659 4145 740 4178 vocem
757 4130 916 4194 accipiendam
933 4145 982 4180 asae
1000 4131 1080 4178 docuit
1091 4131 1228 4180 ‘Biirclrlein
1241 4133 1256 4180 l.
1267 4133 1282 4180 1.
1293 4150 1315 4196 p.
1327 4137 1371 4185 55.
