3106 5086
678 474 718 538 47

237 709 378 774 Caesaris
414 711 509 772 occisi
543 711 688 793 potentia
724 713 879 794 occupata
914 711 998 773 inter
1033 711 1110 773 alias
1140 733 1207 788 ree,

190 868 268 929 quas
292 846 424 910 Senatui
448 846 634 930 Populoquc
659 846 803 910 Romano
818 847 977 910 Antonius
989 848 1122 932 pervim
1135 847 1207 910 abs-

190 983 282 1058 tulit,
312 982 443 1045 fuerunt
479 982 661 1066 provinciae
694 979 799 1046 Gallia
831 979 992 1064 Cisalpina
1016 983 1152 1066 (togata)
1177 988 1209 1045 ct

191 1117 296 1182 Gallia
327 1118 470 1194 ulterior,
505 1140 556 1179 eas
581 1116 702 1180 Galliae
726 1121 831 1200 partes
855 1116 1067 1200 amplectens,
1093 1117 1208 1199 quibus

191 1249 306 1314 Caesar
325 1252 491 1334 imperium
506 1251 685 1314 Romanum
700 1251 957 1334 amplificaverat.
983 1252 1023 1314 ln
1041 1251 1115 1326 lias,
1129 1272 1206 1314 con·

191 1387 296 1450 sulatu
320 1387 523 1470 perfunctus,
547 1389 765 1469 proconsulari
792 1387 924 1470 imperio
948 1386 1110 1451 Antonius
1133 1409 1206 1472 pro-

190 1522 330 1586 fecturus
361 1527 436 1586 erat.
488 1523 609 1588 Galliae
641 1527 746 1586 autem
780 1521 977 1607 Cisalpinae,
1013 1523 1076 1584 iam
1112 1527 1207 1586 antea

190 1661 354 1742 acceptae,
387 1659 425 1722 D.
457 1659 576 1722 Brutus
607 1681 806 1744 perannum
831 1661 874 1721 44
898 1661 1058 1742 praecrat3
1084 1657 1205 1722 Galliae

189 1792 347 1855 ulterioris
382 1798 522 1877 partem,
558 1816 638 1876 quae
675 1787 849 1857 vocabatur
889 1794 1130 1878 Lugdunensis
1168 1794 1204 1856 L.

190 1927 369 2018 Munatius
388 1928 542 2003 Plancus,
574 1950 655 2011 quae
689 1929 834 2012 Belgica,
869 1951 925 2013 per
948 1930 1089 2012 legatum
1114 1951 1203 1992 suum

191 2063 230 2126 A.
255 2064 381 2126 Hirtius
405 2064 650 2128 administrabat
663 2064 700 2149 ¹).
735 2064 784 2126 Ex
808 2086 844 2127 eo
869 2069 1010 2146 tempore
1035 2087 1106 2126 cum
1128 2064 1205 2128 Hir-

190 2200 253 2262 tius
285 2201 484 2263 consulatum
509 2201 646 2263 initurus
670 2224 736 2264 eam
762 2200 890 2283 reliquit
916 2201 982 2282 (fin.
1010 2202 1081 2283 44),
1106 2201 1204 2262 Plan-

190 2357 244 2398 cus
275 2339 375 2398 totam
409 2335 546 2398 Galliam
571 2337 750 2399 ulteriorem
776 2339 959 2419 (comatam)
984 2338 1042 2399 sub
1066 2359 1122 2400 sua
1147 2359 1203 2420 po-

191 2474 306 2534 testate
330 2472 477 2535 habuisse
500 2473 672 2554 videtur2).
698 2474 842 2535 Exeunte
863 2495 948 2534 anno
969 2474 1012 2534 44
1032 2462 1202 2548 Antoniae,

191 2608 382 2690 provinciam
410 2607 546 2670 Galliam
574 2609 767 2690 llisalpiuam
793 2609 830 2670 D.
857 2608 957 2670 Bruto
982 2610 1125 2691 pervim
1150 2631 1204 2672 ex·

191 2748 338 2827 torquere
362 2765 540 2826 aggressus,
565 2745 666 2807 hostis
689 2744 764 2828 reip.
786 2745 963 2834 declaratus
983 2748 1015 2806 ct
1035 2744 1119 2806 bello
1132 2745 1203 2806 Mu·

190 2878 307 2942 acensi
337 2880 478 2941 devictus
510 2882 551 2942 ad
583 2879 626 2942 M.
659 2877 831 2941 Aemilium
863 2878 1014 2963 Lepidum
1038 2879 1203 2964 confugit,
1247 2921 1248 2924 =

146 3080 149 3085 ,
191 3014 245 3094 qui
262 3032 304 3076 ‘eo
333 3019 474 3096 tempore
504 3015 625 3078 Galliae
649 2995 867 3078 Narbonensis
887 3017 1059 3100 (bracatae)
1079 3040 1203 3102 praeses

191 3153 266 3212 erat.
317 3149 360 3216 Ut
387 3150 524 3234 Lepidus
549 3156 580 3213 et
604 3151 758 3224 Plancus,
784 3173 919 3234 quorum
943 3153 1032 3215 illum
1059 3156 1202 3218 Antonio

191 3285 294 3350 favere
326 3309 436 3350 omnes
460 3288 523 3350 iam
548 3289 708 3364 sciebant,
733 3288 785 3351 hio
809 3312 848 3352 ne
870 3290 954 3353 idem
978 3293 1112 3355 sentiret
1135 3315 1202 3357 me-

190 3423 339 3499 tuebant,
365 3423 594 3505 impedirentur
618 3425 788 3507 quominus
812 3430 917 3509 partes
935 3425 1072 3491 Antonii
1091 3451 1202 3513 seque·

189 3563 316 3635 rentur,
347 3558 407 3622 hoc
436 3563 579 3642 tempore
609 3560 647 3622 iis
679 3560 805 3642 publice
832 3561 997 3644 negotium
1022 3565 1131 3624 datum
1155 3567 1203 3626 cst

189 3692 339 3778 Lugduni
370 3691 536 3758 condendi.
584 3695 801 3759 Nihilominus
833 3699 865 3757 ct
895 3695 1031 3778 Lepidus
1063 3698 1202 3784 primus,
1325 3733 1331 3742 ·

189 3828 251 3911 (die
276 3830 333 3892 290
358 3853 399 3892 m.
425 3830 503 3914 Mai)
528 3835 560 3893 ct
584 3831 719 3894 Plancus
743 3837 911 3915 postquam
930 3834 984 3897 diu
1005 3835 1202 3919 multumque

106 4076 107 4080 ’
222 4080 250 4143 1)
268 4080 316 4126 Cic.
335 4080 371 4127 ad.
390 4081 440 4127 dtt.
459 4081 526 4137 XlV,
545 4082 568 4129 9.
588 4083 609 4128 3.
727 4082 755 4147 2)
772 4083 851 4146 Lange
869 4085 937 4133 Rom.
956 4086 1004 4134 Alt.
1027 4089 1083 4134 lll²
1103 4105 1126 4154 p.
1145 4089 1201 4140 524.
