3106 5086
701 507 744 570 83

249 747 369 812 49433343
408 751 439 812 34
477 746 656 830 dupondius
689 744 785 830 Oppii
815 765 913 829 aeque
944 745 1054 830 magni
1088 747 1215 830 quidem

205 889 293 966 suni,
317 887 372 952 sed
393 885 446 952 ille
470 885 600 950 dimidio
624 885 758 950 crassior
781 887 829 950 334
850 907 947 969 quam
966 883 1036 971 hic;
1056 886 1218 971 pertinent

205 1031 304 1116 igitur
323 1029 368 1093 ad
390 1050 488 1093 unam
512 1027 723 1094 emissionem.

254 1167 374 1232 49433313
404 1171 437 1232 34
469 1169 650 1253 dupondius
682 1166 827 1233 Atratini
857 1170 991 1234 maiores
1023 1172 1100 1234 3334
1128 1193 1224 1254 quam

188 1289 446 1395 praecedentes,
468 1309 521 1374 scd
539 1310 642 1374 multo
661 1311 838 1387 tenuiores3
864 1311 1072 1395 quamobrem
1099 1310 1222 1376 diverso

163 1444 164 1447 '
207 1431 349 1531 tempore
374 1447 451 1512 editi
473 1449 634 1513 videntur.

251 1587 438 1663 Quadrussis
465 1587 601 1672 denique
625 1587 720 1674 Oppii
743 1590 848 1655 minor
871 1612 929 1657 nec
953 1595 1062 1656 tamen
1087 1592 1220 1657 crassior

204 1731 251 1792 334
282 1749 378 1812 quam
408 1727 515 1792 ’crassis
546 1705 708 1815 44134131,
739 1729 878 1795 eiusdem
909 1731 1008 1816 igiiur
1042 1733 1217 1799 emissionis

206 1891 271 1934 esse
294 1891 361 1934 non
385 1871 529 1955 possuni.

249 2011 287 2077 In
322 2012 444 2077 assibus
480 2010 549 2077 Sex.
587 2012 719 2097 Pompei
753 2013 855 2078 simile
889 2014 1049 2097 quoddam
1073 2015 1220 2079 animad-

206 2154 348 2218 vertiiur.
385 2151 504 2216 Eorum
527 2154 669 2237 pondera
692 2155 784 2216 sunt:
810 2156 894 2237 2599,
918 2157 1002 2232 2599,
1027 2156 1112 2232 2499,
1134 2156 1218 2240 2499,

204 2293 288 2372 2399,
314 2291 398 2370 2399,
422 2290 506 2388 2399,
526 2281 610 2370 2399,
631 2292 699 2376 239,
719 2291 803 2369 2299,
824 2290 908 2377 2299,
929 2295 1012 2372 2199,
1030 2293 1115 2373 2199,
1133 2295 1219 2374 2099,

205 2431 288 2511 1899,
304 2431 399 2510 1899,
422 2433 489 2512 179,
510 2434 594 2517 1699,
613 2432 701 2518 1399,
715 2432 799 2514 1499,
812 2435 897 2499 12⁵⁸.
922 2434 1069 2519 Plerique
1082 2436 1218 2500 maxime

205 2575 308 2638 arctici
331 2577 423 2652 3334,
448 2575 590 2658 pondera
614 2595 723 2639 eorum
742 2576 797 2660 qui
819 2575 855 2639 in
877 2575 1006 2640 meliore
1026 2578 1112 2640 34343
1124 2579 1218 2656 3334,

204 2715 319 2780 litteris
343 2715 492 2793 cursivis,
516 2738 642 2799 eorum,
667 2717 722 2799 qui
745 2717 864 2801 optime
887 2717 1083 2795 conservati,
1104 2717 1219 2781 11443313

207 2856 410 2921 crassioribus
438 2856 579 2921 indicata
602 2859 687 2920 3334.
736 2857 830 2922 Pater
850 2856 950 2940 igiiur
972 2854 1074 2919 133143
1099 2856 1219 2921 (1134133

205 2997 240 3058 13
266 3018 323 3060 333
346 2998 488 3061 versatos
512 3017 578 3060 esse
601 2996 780 3080 graviores,
812 3017 908 3079 quam
929 2995 1063 3060 leviores
1087 2993 1220 3079 Pompei

207 3158 308 3213 33333;
332 3137 441 3220 itaque
463 3136 633 3221 Pompeius
656 3137 794 3221 primum
818 3157 901 3200 asses
931 3135 1071 3200 unciales
1101 3136 1216 3214 edidit,

204 3283 315 3362 postea
343 3300 427 3344 asses
452 3279 614 3361 usquead
638 3278 832 3343 semunciam
855 3277 1042 3342 imminuios
1066 3277 1215 3362 signavit.
