<?xml version="1.0" encoding="UTF-8"?>
<!DOCTYPE html PUBLIC "-//W3C//DTD XHTML 1.0 Transitional//EN"
    "http://www.w3.org/TR/xhtml1/DTD/xhtml1-transitional.dtd">
<html xmlns="http://www.w3.org/1999/xhtml" xml:lang="en" lang="en">
 <head>
  <title>
</title>
<meta http-equiv="Content-Type" content="text/html;charset=utf-8" />
  <meta name='ocr-system' content='tesseract 3.04.00' />
  <meta name='ocr-capabilities' content='ocr_page ocr_carea ocr_par ocr_line ocrx_word'/>
</head>
<body>
  <div class='ocr_page' id='page_1' title='image "./denummismantoni00calagoog_0075.png"; bbox 0 0 3106 5086; ppageno 0'>
   <div class='ocr_carea' id='block_1_1' title="bbox 754 507 821 570">
    <p class='ocr_par' dir='ltr' id='par_1_1' title="bbox 754 507 821 570">
     <span class='ocr_line' id='line_1_1' title="bbox 754 507 821 570; baseline -0.015 0"><span class='ocrx_word' id='word_1_1' title='bbox 754 507 821 570; x_wconf 42' lang='lat'>6⁶2*</span> 
     </span>
    </p>
   </div>
   <div class='ocr_carea' id='block_1_2' title="bbox 265 741 1304 2645">
    <p class='ocr_par' dir='ltr' id='par_1_2' title="bbox 265 741 1304 2645">
     <span class='ocr_line' id='line_1_2' title="bbox 268 741 1303 826; baseline 0.004 -20"><span class='ocrx_word' id='word_1_2' title='bbox 268 741 302 806; x_wconf 96' lang='lat' dir='ltr'>in</span> <span class='ocrx_word' id='word_1_3' title='bbox 333 742 514 826; x_wconf 85' lang='lat' dir='ltr'>provincias</span> <span class='ocrx_word' id='word_1_4' title='bbox 548 746 638 807; x_wconf 87' lang='lat' dir='ltr'>trans</span> <span class='ocrx_word' id='word_1_5' title='bbox 673 766 759 808; x_wconf 87' lang='lat' dir='ltr'>mare</span> <span class='ocrx_word' id='word_1_6' title='bbox 794 745 919 808; x_wconf 86' lang='lat' dir='ltr'>lonium</span> <span class='ocrx_word' id='word_1_7' title='bbox 955 747 1033 810; x_wconf 88' lang='lat' dir='ltr'>sitas</span> <span class='ocrx_word' id='word_1_8' title='bbox 1067 746 1179 810; x_wconf 91' lang='lat' dir='ltr'>ooulos</span> <span class='ocrx_word' id='word_1_9' title='bbox 1216 769 1303 811; x_wconf 89' lang='lat' dir='ltr'>eon·</span> 
     </span>
     <span class='ocr_line' id='line_1_3' title="bbox 269 883 1304 967; baseline 0.004 -21"><span class='ocrx_word' id='word_1_10' title='bbox 269 887 438 946; x_wconf 74' lang='lat' dir='ltr'><strong>vertamus.</strong></span> <span class='ocrx_word' id='word_1_11' title='bbox 498 883 701 946; x_wconf 74' lang='lat' dir='ltr'>Macedoniae</span> <span class='ocrx_word' id='word_1_12' title='bbox 743 885 920 967; x_wconf 75' lang='lat' dir='ltr'>praefectus</span> <span class='ocrx_word' id='word_1_13' title='bbox 964 890 1032 948; x_wconf 87' lang='lat' dir='ltr'>eret</span> <span class='ocrx_word' id='word_1_14' title='bbox 1073 885 1106 948; x_wconf 87' lang='lat' dir='ltr'>h.</span> <span class='ocrx_word' id='word_1_15' title='bbox 1150 885 1304 950; x_wconf 84' lang='lat' dir='ltr'>Marcius</span> 
     </span>
     <span class='ocr_line' id='line_1_4' title="bbox 269 1022 1302 1106; baseline 0.001 -19"><span class='ocrx_word' id='word_1_16' title='bbox 269 1023 481 1098; x_wconf 78' lang='lat' dir='ltr'>Censorinus,</span> <span class='ocrx_word' id='word_1_17' title='bbox 514 1045 551 1086; x_wconf 88' lang='lat' dir='ltr'>ea</span> <span class='ocrx_word' id='word_1_18' title='bbox 581 1023 681 1106; x_wconf 82' lang='lat' dir='ltr'>igitur</span> <span class='ocrx_word' id='word_1_19' title='bbox 712 1025 801 1086; x_wconf 82' lang='lat' dir='ltr'>extra</span> <span class='ocrx_word' id='word_1_20' title='bbox 836 1045 1004 1086; x_wconf 88' lang='lat' dir='ltr'>numerum</span> <span class='ocrx_word' id='word_1_21' title='bbox 1039 1026 1097 1087; x_wconf 86' lang='lat' dir='ltr'>est.</span> <span class='ocrx_word' id='word_1_22' title='bbox 1156 1022 1223 1087; x_wconf 84' lang='lat' dir='ltr'>Sed</span> <span class='ocrx_word' id='word_1_23' title='bbox 1264 1025 1302 1089; x_wconf 94' lang='lat' dir='ltr'>in</span> 
     </span>
     <span class='ocr_line' id='line_1_5' title="bbox 268 1163 1302 1249; baseline 0.002 -21"><span class='ocrx_word' id='word_1_24' title='bbox 268 1163 488 1246; x_wconf 72' lang='lat' dir='ltr'>disquisitione</span> <span class='ocrx_word' id='word_1_25' title='bbox 519 1165 558 1228; x_wconf 89' lang='lat' dir='ltr'>de</span> <span class='ocrx_word' id='word_1_26' title='bbox 590 1165 826 1248; x_wconf 81' lang='lat' dir='ltr'>provinciarum</span> <span class='ocrx_word' id='word_1_27' title='bbox 851 1165 1048 1247; x_wconf 87' lang='lat' dir='ltr'>praesidibus</span> <span class='ocrx_word' id='word_1_28' title='bbox 1073 1187 1171 1249; x_wconf 91' lang='lat' dir='ltr'>supra</span> <span class='ocrx_word' id='word_1_29' title='bbox 1195 1166 1302 1230; x_wconf 88' lang='lat' dir='ltr'>insti·</span> 
     </span>
     <span class='ocr_line' id='line_1_6' title="bbox 266 1303 1301 1388; baseline 0.004 -22"><span class='ocrx_word' id='word_1_30' title='bbox 266 1307 355 1380; x_wconf 86' lang='lat' dir='ltr'>tuta,</span> <span class='ocrx_word' id='word_1_31' title='bbox 386 1304 465 1367; x_wconf 89' lang='lat' dir='ltr'>duas</span> <span class='ocrx_word' id='word_1_32' title='bbox 488 1304 620 1368; x_wconf 78' lang='lat' dir='ltr'>lacunas</span> <span class='ocrx_word' id='word_1_33' title='bbox 645 1303 853 1379; x_wconf 86' lang='lat' dir='ltr'>offendimus,</span> <span class='ocrx_word' id='word_1_34' title='bbox 876 1304 1013 1387; x_wconf 79' lang='lat' dir='ltr'>primam</span> <span class='ocrx_word' id='word_1_35' title='bbox 1035 1304 1071 1366; x_wconf 92' lang='lat' dir='ltr'>in</span> <span class='ocrx_word' id='word_1_36' title='bbox 1095 1303 1301 1388; x_wconf 72' lang='lat' dir='ltr'>Bithyniae,</span> 
     </span>
     <span class='ocr_line' id='line_1_7' title="bbox 268 1443 1301 1528; baseline 0.004 -21"><span class='ocrx_word' id='word_1_37' title='bbox 268 1444 402 1508; x_wconf 86' lang='lat' dir='ltr'>alteram</span> <span class='ocrx_word' id='word_1_38' title='bbox 437 1444 471 1507; x_wconf 90' lang='lat' dir='ltr'>in</span> <span class='ocrx_word' id='word_1_39' title='bbox 507 1443 603 1528; x_wconf 83' lang='lat' dir='ltr'>Asiae</span> <span class='ocrx_word' id='word_1_40' title='bbox 636 1445 714 1507; x_wconf 90' lang='lat' dir='ltr'>anni</span> <span class='ocrx_word' id='word_1_41' title='bbox 745 1444 786 1507; x_wconf 85' lang='grc'>41</span> <span class='ocrx_word' id='word_1_42' title='bbox 821 1443 999 1528; x_wconf 81' lang='lat' dir='ltr'>praefectis.</span> <span class='ocrx_word' id='word_1_43' title='bbox 1047 1443 1207 1527; x_wconf 83' lang='lat' dir='ltr'>Bquidem</span> <span class='ocrx_word' id='word_1_44' title='bbox 1232 1447 1301 1511; x_wconf 91' lang='lat' dir='ltr'>etsi</span> 
     </span>
     <span class='ocr_line' id='line_1_8' title="bbox 267 1581 1300 1668; baseline 0.003 -22"><span class='ocrx_word' id='word_1_45' title='bbox 267 1603 324 1666; x_wconf 91' lang='lat' dir='ltr'>pro</span> <span class='ocrx_word' id='word_1_46' title='bbox 360 1587 446 1647; x_wconf 87' lang='lat' dir='ltr'>oerto</span> <span class='ocrx_word' id='word_1_47' title='bbox 482 1582 562 1648; x_wconf 91' lang='lat' dir='ltr'>nihil</span> <span class='ocrx_word' id='word_1_48' title='bbox 599 1583 841 1658; x_wconf 82' lang='lat' dir='ltr'>affirmaverim,</span> <span class='ocrx_word' id='word_1_49' title='bbox 875 1586 985 1646; x_wconf 89' lang='lat' dir='ltr'>tamen</span> <span class='ocrx_word' id='word_1_50' title='bbox 1017 1581 1184 1668; x_wconf 88' lang='lat' dir='ltr'>probabile</span> <span class='ocrx_word' id='word_1_51' title='bbox 1210 1585 1300 1649; x_wconf 91' lang='lat' dir='ltr'>mihi</span> 
     </span>
     <span class='ocr_line' id='line_1_9' title="bbox 267 1719 1298 1806; baseline 0.008 -24"><span class='ocrx_word' id='word_1_52' title='bbox 267 1719 395 1784; x_wconf 83' lang='lat' dir='ltr'>videtur</span> <span class='ocrx_word' id='word_1_53' title='bbox 414 1742 433 1784; x_wconf 87' lang='lat' dir='ltr'>a</span> <span class='ocrx_word' id='word_1_54' title='bbox 451 1719 495 1783; x_wconf 89' lang='lat' dir='ltr'>M.</span> <span class='ocrx_word' id='word_1_55' title='bbox 520 1719 665 1785; x_wconf 87' lang='lat' dir='ltr'>Antonio</span> <span class='ocrx_word' id='word_1_56' title='bbox 689 1720 858 1798; x_wconf 84' lang='lat' dir='ltr'>Barbatio,</span> <span class='ocrx_word' id='word_1_57' title='bbox 882 1723 1046 1806; x_wconf 82' lang='lat' dir='ltr'>provincia</span> <span class='ocrx_word' id='word_1_58' title='bbox 1066 1722 1142 1786; x_wconf 84' lang='lat' dir='ltr'>Asia</span> <span class='ocrx_word' id='word_1_59' title='bbox 1162 1725 1298 1804; x_wconf 78' lang='lat' dir='ltr'>relicta,</span> 
     </span>
     <span class='ocr_line' id='line_1_10' title="bbox 267 1857 1297 1944; baseline 0.006 -23"><span class='ocrx_word' id='word_1_60' title='bbox 267 1857 311 1921; x_wconf 91' lang='lat' dir='ltr'>M.</span> <span class='ocrx_word' id='word_1_61' title='bbox 347 1857 486 1922; x_wconf 86' lang='lat' dir='ltr'>Nervam</span> <span class='ocrx_word' id='word_1_62' title='bbox 527 1859 695 1924; x_wconf 81' lang='lat' dir='ltr'>suffectum</span> <span class='ocrx_word' id='word_1_63' title='bbox 730 1881 796 1924; x_wconf 89' lang='lat' dir='ltr'>esse</span> <span class='ocrx_word' id='word_1_64' title='bbox 830 1861 970 1943; x_wconf 80' lang='lat' dir='ltr'>itemque</span> <span class='ocrx_word' id='word_1_65' title='bbox 1003 1858 1178 1944; x_wconf 87' lang='lat' dir='ltr'>Bithyniae</span> <span class='ocrx_word' id='word_1_66' title='bbox 1215 1883 1297 1926; x_wconf 88' lang='lat' dir='ltr'>oum</span> 
     </span>
     <span class='ocr_line' id='line_1_11' title="bbox 266 1998 1297 2084; baseline 0.007 -23"><span class='ocrx_word' id='word_1_67' title='bbox 266 1999 485 2081; x_wconf 83' lang='lat' dir='ltr'>proconsulari</span> <span class='ocrx_word' id='word_1_68' title='bbox 504 1998 635 2083; x_wconf 91' lang='lat' dir='ltr'>imperio</span> <span class='ocrx_word' id='word_1_69' title='bbox 655 2000 871 2083; x_wconf 84' lang='lat' dir='ltr'>praepositum</span> <span class='ocrx_word' id='word_1_70' title='bbox 890 2021 956 2063; x_wconf 90' lang='lat' dir='ltr'>esse</span> <span class='ocrx_word' id='word_1_71' title='bbox 968 1998 1003 2063; x_wconf 87' lang='lat' dir='ltr'>L.</span> <span class='ocrx_word' id='word_1_72' title='bbox 1019 1998 1156 2064; x_wconf 87' lang='lat' dir='ltr'>Gellium</span> <span class='ocrx_word' id='word_1_73' title='bbox 1170 2023 1297 2084; x_wconf 89' lang='lat' dir='ltr'>quaes-</span> 
     </span>
     <span class='ocr_line' id='line_1_12' title="bbox 265 2139 1297 2226; baseline 0.006 -23"><span class='ocrx_word' id='word_1_74' title='bbox 265 2144 377 2204; x_wconf 88' lang='lat' dir='ltr'>torem.</span> <span class='ocrx_word' id='word_1_75' title='bbox 425 2139 535 2205; x_wconf 89' lang='lat' dir='ltr'>Potuit</span> <span class='ocrx_word' id='word_1_76' title='bbox 554 2163 631 2205; x_wconf 88' lang='lat' dir='ltr'>sane</span> <span class='ocrx_word' id='word_1_77' title='bbox 651 2140 771 2205; x_wconf 85' lang='lat' dir='ltr'>Gellius</span> <span class='ocrx_word' id='word_1_78' title='bbox 788 2140 900 2217; x_wconf 84' lang='lat' dir='ltr'>Asiae,</span> <span class='ocrx_word' id='word_1_79' title='bbox 921 2139 1092 2204; x_wconf 87' lang='lat' dir='ltr'>Barbatius</span> <span class='ocrx_word' id='word_1_80' title='bbox 1113 2140 1297 2226; x_wconf 85' lang='lat' dir='ltr'>Bithyniae</span> 
     </span>
     <span class='ocr_line' id='line_1_13' title="bbox 265 2280 1296 2365; baseline 0.004 -21"><span class='ocrx_word' id='word_1_81' title='bbox 265 2280 443 2365; x_wconf 84' lang='lat' dir='ltr'>praefectus</span> <span class='ocrx_word' id='word_1_82' title='bbox 464 2281 576 2345; x_wconf 86' lang='lat' dir='ltr'>fuisse:</span> <span class='ocrx_word' id='word_1_83' title='bbox 598 2303 665 2344; x_wconf 88' lang='lat' dir='ltr'>eam</span> <span class='ocrx_word' id='word_1_84' title='bbox 688 2282 776 2345; x_wconf 90' lang='lat' dir='ltr'>litem</span> <span class='ocrx_word' id='word_1_85' title='bbox 796 2282 855 2344; x_wconf 87' lang='lat' dir='ltr'>sub</span> <span class='ocrx_word' id='word_1_86' title='bbox 872 2282 977 2345; x_wconf 84' lang='lat' dir='ltr'>indiae</span> <span class='ocrx_word' id='word_1_87' title='bbox 996 2282 1177 2365; x_wconf 87' lang='lat' dir='ltr'>relinquere</span> <span class='ocrx_word' id='word_1_88' title='bbox 1197 2283 1296 2364; x_wconf 89' lang='lat' dir='ltr'>libet,</span> 
     </span>
     <span class='ocr_line' id='line_1_14' title="bbox 265 2419 1297 2505; baseline 0.008 -23"><span class='ocrx_word' id='word_1_89' title='bbox 265 2420 319 2484; x_wconf 87' lang='lat' dir='ltr'>sed</span> <span class='ocrx_word' id='word_1_90' title='bbox 364 2419 423 2482; x_wconf 90' lang='lat' dir='ltr'>hoo</span> <span class='ocrx_word' id='word_1_91' title='bbox 465 2441 628 2503; x_wconf 89' lang='lat' dir='ltr'>persevero</span> <span class='ocrx_word' id='word_1_92' title='bbox 669 2442 780 2484; x_wconf 76' lang='lat' dir='ltr'>aureos</span> <span class='ocrx_word' id='word_1_93' title='bbox 814 2422 1024 2505; x_wconf 86' lang='lat' dir='ltr'>denariosque</span> <span class='ocrx_word' id='word_1_94' title='bbox 1058 2421 1103 2485; x_wconf 91' lang='lat' dir='ltr'>M.</span> <span class='ocrx_word' id='word_1_95' title='bbox 1138 2421 1297 2490; x_wconf 86' lang='lat' dir='ltr'>Barbatii</span> 
     </span>
     <span class='ocr_line' id='line_1_15' title="bbox 265 2557 1296 2645; baseline 0.005 -24"><span class='ocrx_word' id='word_1_96' title='bbox 265 2558 310 2623; x_wconf 93' lang='lat' dir='ltr'>M.</span> <span class='ocrx_word' id='word_1_97' title='bbox 332 2557 457 2622; x_wconf 87' lang='lat' dir='ltr'>Nervae</span> <span class='ocrx_word' id='word_1_98' title='bbox 481 2557 517 2621; x_wconf 90' lang='lat' dir='ltr'>L.</span> <span class='ocrx_word' id='word_1_99' title='bbox 542 2557 637 2622; x_wconf 85' lang='lat' dir='ltr'>Gellii</span> <span class='ocrx_word' id='word_1_100' title='bbox 655 2581 751 2643; x_wconf 87' lang='lat' dir='ltr'>supra</span> <span class='ocrx_word' id='word_1_101' title='bbox 772 2559 945 2644; x_wconf 80' lang='lat' dir='ltr'>descriptos</span> <span class='ocrx_word' id='word_1_102' title='bbox 964 2561 999 2622; x_wconf 93' lang='lat' dir='ltr'>in</span> <span class='ocrx_word' id='word_1_103' title='bbox 1016 2559 1156 2623; x_wconf 90' lang='lat' dir='ltr'>Orientis</span> <span class='ocrx_word' id='word_1_104' title='bbox 1177 2561 1296 2645; x_wconf 86' lang='lat' dir='ltr'>eliqua</span> 
     </span>
    </p>
   </div>
   <div class='ocr_carea' id='block_1_3' title="bbox 264 2699 641 2783">
    <p class='ocr_par' dir='ltr' id='par_1_3' title="bbox 264 2699 641 2783">
     <span class='ocr_line' id='line_1_16' title="bbox 264 2699 641 2783; baseline 0 -21"><span class='ocrx_word' id='word_1_105' title='bbox 264 2699 427 2783; x_wconf 82' lang='lat' dir='ltr'>provincia</span> <span class='ocrx_word' id='word_1_106' title='bbox 451 2721 543 2764; x_wconf 89' lang='lat' dir='ltr'>ousos</span> <span class='ocrx_word' id='word_1_107' title='bbox 566 2722 641 2764; x_wconf 70' lang='lat' dir='ltr'>esse.</span> 
     </span>
    </p>
   </div>
   <div class='ocr_carea' id='block_1_4' title="bbox 752 3234 796 3297">
    <p class='ocr_par' dir='ltr' id='par_1_4' title="bbox 752 3234 796 3297">
     <span class='ocr_line' id='line_1_17' title="bbox 752 3234 796 3297; baseline -0.023 0"><span class='ocrx_word' id='word_1_108' title='bbox 752 3234 796 3297; x_wconf 93' lang='lat' dir='ltr'>II.</span> 
     </span>
    </p>
   </div>
   <div class='ocr_carea' id='block_1_5' title="bbox 284 3422 1295 3630">
    <p class='ocr_par' dir='ltr' id='par_1_5' title="bbox 284 3422 1295 3630">
     <span class='ocr_line' id='line_1_18' title="bbox 310 3422 1295 3509; baseline -0.005 -20"><span class='ocrx_word' id='word_1_109' title='bbox 310 3425 416 3509; x_wconf 76' lang='lat' dir='ltr'>Caput</span> <span class='ocrx_word' id='word_1_110' title='bbox 446 3423 488 3488; x_wconf 89' lang='lat' dir='ltr'>M.</span> <span class='ocrx_word' id='word_1_111' title='bbox 525 3423 663 3488; x_wconf 81' lang='lat' dir='ltr'>Antonii</span> <span class='ocrx_word' id='word_1_112' title='bbox 692 3424 819 3487; x_wconf 83' lang='lat' dir='ltr'>barbati</span> <span class='ocrx_word' id='word_1_113' title='bbox 851 3425 970 3499; x_wconf 72' lang='lat' dir='ltr'>dextr,</span> <span class='ocrx_word' id='word_1_114' title='bbox 996 3444 1079 3508; x_wconf 88' lang='lat' dir='ltr'>pone</span> <span class='ocrx_word' id='word_1_115' title='bbox 1103 3422 1214 3485; x_wconf 85' lang='lat' dir='ltr'>lituus.</span> <span class='ocrx_word' id='word_1_116' title='bbox 1244 3431 1295 3478; x_wconf 88' lang='lat' dir='ltr'>M·</span> 
     </span>
     <span class='ocr_line' id='line_1_19' title="bbox 284 3563 845 3630; baseline -0.011 -16"><span class='ocrx_word' id='word_1_117' title='bbox 284 3625 285 3630; x_wconf 41' lang='lat'><strong>.</strong></span> <span class='ocrx_word' id='word_1_118' title='bbox 361 3563 845 3613; x_wconf 72' lang='lat' dir='ltr'><strong>ANT·1MP·111·VIR·R·P·C·</strong></span> 
     </span>
    </p>
   </div>
   <div class='ocr_carea' id='block_1_6' title="bbox 310 3679 1292 4048">
    <p class='ocr_par' dir='ltr' id='par_1_6' title="bbox 310 3679 1292 4048">
     <span class='ocr_line' id='line_1_20' title="bbox 314 3679 1292 3760; baseline -0.001 -15"><span class='ocrx_word' id='word_1_119' title='bbox 314 3697 350 3760; x_wconf 67' lang='lat' dir='ltr'>tyr</span> <span class='ocrx_word' id='word_1_120' title='bbox 377 3681 469 3745; x_wconf 90' lang='lat' dir='ltr'>Miles</span> <span class='ocrx_word' id='word_1_121' title='bbox 500 3681 683 3745; x_wconf 88' lang='lat' dir='ltr'>seminudus</span> <span class='ocrx_word' id='word_1_122' title='bbox 714 3683 744 3743; x_wconf 92' lang='lat' dir='ltr'>d.</span> <span class='ocrx_word' id='word_1_123' title='bbox 777 3679 917 3756; x_wconf 85' lang='lat' dir='ltr'>hastam,</span> <span class='ocrx_word' id='word_1_124' title='bbox 943 3703 966 3743; x_wconf 90' lang='lat' dir='ltr'>s.</span> <span class='ocrx_word' id='word_1_125' title='bbox 991 3701 1115 3743; x_wconf 89' lang='lat' dir='ltr'>ramum</span> <span class='ocrx_word' id='word_1_126' title='bbox 1138 3679 1292 3744; x_wconf 88' lang='lat' dir='ltr'>laureum</span> 
     </span>
     <span class='ocr_line' id='line_1_21' title="bbox 354 3818 1137 3904; baseline -0.01 -26"><span class='ocrx_word' id='word_1_127' title='bbox 354 3826 479 3887; x_wconf 71' lang='lat' dir='ltr'>tenens.</span> <span class='ocrx_word' id='word_1_128' title='bbox 507 3831 525 3876; x_wconf 78' lang='lat' dir='ltr'>l’</span> <span class='ocrx_word' id='word_1_129' title='bbox 537 3846 541 3855; x_wconf 71' lang='lat'><em>¹</em></span> <span class='ocrx_word' id='word_1_130' title='bbox 553 3828 698 3877; x_wconf 81' lang='lat' dir='ltr'>VBN&#39;I&#39;IDI</span> <span class='ocrx_word' id='word_1_131' title='bbox 709 3844 714 3852; x_wconf 75' lang='lat'>¹</span> <span class='ocrx_word' id='word_1_132' title='bbox 726 3825 821 3876; x_wconf 83' lang='grc' dir='ltr'>ΡΟΝΤ</span> <span class='ocrx_word' id='word_1_133' title='bbox 833 3843 836 3851; x_wconf 94' lang='grc'><strong><em>·</em></strong></span> <span class='ocrx_word' id='word_1_134' title='bbox 849 3827 926 3873; x_wconf 82' lang='lat' dir='ltr'>lMl&#39;·</span> <span class='ocrx_word' id='word_1_135' title='bbox 953 3818 1137 3904; x_wconf 77' lang='lat' dir='ltr'>(denarius),</span> 
     </span>
     <span class='ocr_line' id='line_1_22' title="bbox 310 3958 939 4048; baseline -0.011 -21"><span class='ocrx_word' id='word_1_136' title='bbox 310 3961 452 4048; x_wconf 78' lang='lat' dir='ltr'>(Gohen‚</span> <span class='ocrx_word' id='word_1_137' title='bbox 476 3959 560 4023; x_wconf 87' lang='lat' dir='ltr'>Me&#39;d.</span> <span class='ocrx_word' id='word_1_138' title='bbox 585 3959 683 4042; x_wconf 62' lang='grc' dir='ltr'>Ιιιη).2</span> <span class='ocrx_word' id='word_1_139' title='bbox 708 3958 741 4035; x_wconf 86' lang='grc' dir='ltr'>Ι,</span> <span class='ocrx_word' id='word_1_140' title='bbox 769 3959 845 4028; x_wconf 84' lang='lat' dir='ltr'>Ant.</span> <span class='ocrx_word' id='word_1_141' title='bbox 873 3958 939 4045; x_wconf 82' lang='lat'><strong>75).</strong></span> 
     </span>
    </p>
   </div>
   <div class='ocr_carea' id='block_1_7' title="bbox 0 0 1557 5086">
    <p class='ocr_par' dir='ltr' id='par_1_7' title="bbox 0 0 1557 5086">
     <span class='ocr_line' id='line_1_23' title="bbox 0 0 1557 5086; baseline 0 4"><span class='ocrx_word' id='word_1_142' title='bbox 0 0 1557 5086; x_wconf 95' lang='lat' dir='ltr'> </span> 
     </span>
    </p>
   </div>
  </div>
 </body>
</html>
