3106 5086
647 471 687 534 13

143 700 299 772 ¹nificatio
321 709 446 794 imperii
470 710 570 775 oblati
594 714 627 774 et
649 711 768 774 mentio
792 711 943 776 victoriae
967 712 1080 795 partae
1102 709 1171 775 ine-

156 852 248 927 rant,
280 849 359 913 illud
390 841 517 935 quidem
550 873 662 916 verum
695 854 742 916 est
776 851 863 935 (nam
888 849 1026 915 Antonii
1050 849 1172 914 denarii

156 994 327 1054 occurrunt
351 1012 389 1054 ex
412 1013 497 1054 anno
522 992 584 1070 41,
608 992 663 1074 qui
686 992 806 1076 primae
829 989 1031 1055 salutationis
1054 989 1172 1053 menti-

157 1152 250 1194 onem
286 1129 424 1208 facinnt‚
459 1153 653 1216 quamquem
688 1131 765 1196 urbe
800 1132 921 1195 intrata
951 1130 1064 1195 titulus
1093 1129 1171 1212 imp.

156 1274 363 1356 deponendus
386 1270 513 1357 fuerat).
562 1269 678 1338 Caesar
700 1272 785 1335 enim
809 1293 865 1336 suo
884 1271 952 1334 iure
974 1269 1064 1334 heres
1088 1270 1170 1333 titu-

156 1410 224 1475 lum
247 1412 297 1476 vel
321 1369 427 1497 potius
452 1431 631 1496 cognomen
649 1410 848 1495 imperatoris
876 1410 1069 1494 adsumpsit,
1099 1409 1171 1474 An·

90 1597 91 1600 ,
156 1550 263 1614 tonius
282 1572 357 1615 vero
377 1573 448 1615 cum
468 1551 621 1634 peculiari
640 1552 734 1616 modo
753 1552 789 1615 in
811 1552 947 1616 nummis
967 1549 1172 1616 ubicoaesar

155 1689 255 1772 imp.”
289 1690 329 1753 ab
360 1712 425 1754 nna
455 1695 546 1775 parte
568 1691 769 1776 designatur,
794 1692 871 1757 item
894 1693 962 1776 ipse
987 1691 1172 1756 »Antonius

154 1829 254 1914 imp.”
288 1832 416 1894 tantum
446 1831 641 1916 appelletur,
673 1831 733 1895 hac
764 1853 798 1896 re
829 1829 1004 1896 aCaesare
1028 1831 1171 1915 superari

156 1970 295 2034 noluisse
322 1969 456 2035 videtur.
502 1970 604 2056 Atqui
636 1991 816 2056 cognomen
838 1971 1038 2055 imperatoris
1062 1970 1171 2034 iterari

156 2131 222 2175 non
257 2103 398 2195 potuisse
429 2111 498 2195 ipsa
522 2133 571 2175 res
596 2111 738 2176 declarat
764 2109 797 2196 ¹).
845 2111 924 2175 Inde
947 2112 1060 2196 igitur,
1085 2113 1171 2195 quod

156 2251 318 2315 Antonius
337 2251 409 2334 plus
429 2252 524 2316 semel
543 2252 714 2335 imperator
732 2251 835 2316 factus
855 2254 918 2329 est,
939 2252 1029 2336 sequi
1045 2252 1171 2317 videtur

154 2371 285 2456 titulum
317 2394 443 2470 eodem,
476 2413 539 2476 quo
571 2414 589 2455 a
621 2390 752 2456 Caesare
783 2413 877 2455 sensu
901 2391 941 2454 ab
965 2411 1001 2454 eo
1024 2391 1172 2474 usurpari

154 2533 289 2597 desitum
313 2555 396 2610 esse,
418 2555 490 2597 cum
510 2533 735 2596 salutationem
755 2532 893 2596 iteraret.
930 2530 1000 2606 Qua
1020 2534 1058 2596 do
1076 2555 1170 2597 causa

155 2671 220 2735 veri
244 2671 345 2735 simile
368 2674 433 2748 est,
457 2672 484 2735 si
506 2671 679 2755 imperator
703 2670 860 2734 salutatus
884 2672 1065 2735 ovationem
1085 2672 1168 2756 egis-

154 2814 219 2888 set,
239 2810 384 2875 Antonio
404 2811 515 2874 urbem
534 2811 676 2894 ingresso
696 2813 868 2875 secundum
890 2832 1009 2875 morem
1028 2811 1166 2897 priscum
1200 2856 1204 2863 ·

153 2951 353 3034 imperatoris
370 2951 500 3015 titulum
526 2951 657 3014 omnino
682 2951 916 3033 deponendum·
929 2950 1034 3016 fuisse.

200 3090 291 3166 Quod
322 3093 429 3155 autem
461 3090 655 3175 Borghesius
679 3111 717 3154 ex
742 3087 883 3153 Caesaris
906 3089 1047 3153 victoriis
1071 3109 1166 3173 argu·

152 3235 297 3297 mentum
332 3233 437 3310 ducit,
474 3253 536 3315 quo
574 3233 709 3315 probare
743 3233 877 3295 conatur
911 3231 985 3295 huic
1025 3231 1168 3296 orationi

151 3394 248 3436 unam
277 3375 316 3436 de
339 3371 481 3457 Augusti
505 3371 583 3436 XXI
607 3372 853 3436 salutationibus
869 3372 1088 3455 imperatoriis
1112 3373 1167 3436 de·
1205 3413 1208 3418 -

146 3759 150 3766 '
185 3756 212 3819 1)
228 3754 275 3822 nisi
298 3754 351 3817 quis
374 3756 401 3803 ut
419 3754 506 3806 caesar
522 3753 571 3801 divi
587 3754 603 3802 f.
621 3752 782 3818 praenominis
799 3753 851 3801 loco
869 3767 937 3810 usus,
956 3751 1056 3800 titulum
1076 3750 1165 3816 »imp.”

148 3853 202 3886 cum
227 3837 363 3886 iterationis
387 3851 486 3884 numero
512 3837 566 3900 post
590 3851 676 3884 nomen
698 3835 787 3898 gentile
805 3835 883 3892 addit,
902 3837 929 3882 nt
947 3850 967 3882 e.
985 3850 1007 3896 g.
1026 3834 1051 3882 in
1068 3848 1166 3883 nummo

148 3918 266 3967 delineato
292 3919 354 3982 apud
373 3919 431 3966 Coh.
449 3917 515 3966 Med.
534 3918 596 3982 Imp.
615 3918 641 3964 ΙΙ
663 3917 700 3966 n0.
720 3917 768 3965 226
786 3918 852 3965 IMP
863 3932 867 3942 ·
878 3917 1002 3965 CAESAR
1013 3932 1018 3940 ·
1029 3915 1165 3964 Divin-

147 4000 546 4049 AVGVSTVS·IMP·XX·cet.
573 3999 602 4048 cl.
629 3999 675 4049 Dio
700 4001 741 4048 43.
765 4001 804 4047 44.
829 3999 964 4049 Mommsen
982 3999 1011 4047 R.
1029 4000 1053 4048 S.
1071 3999 1101 4049 R.
1120 3997 1162 4046 11¹

147 4098 170 4146 p.
190 4079 245 4132 743.
273 4115 277 4124 ,
