3106 5086
833 491 874 554 48

347 728 574 810 tergiversatus
599 731 701 802 essct,
723 727 866 791 Antonio
888 750 921 792 se
941 729 1095 793 adiunxit.
1129 727 1243 792 Caesar
1264 729 1369 792 etiam

347 865 468 948 (mense
503 863 601 949 Nor.)
636 864 768 929 consilia
802 887 860 927 sua
895 886 966 927 cum
1006 863 1147 928 Antonio
1179 869 1211 928 et
1242 865 1369 948 Lepido

348 1000 559 1076 consociavit,
588 1003 672 1063 unde
703 999 921 1064 triumviratus
945 1004 977 1063 et
1000 1000 1147 1063 interitus
1169 1000 1223 1063 ille
1245 1000 1371 1064 liberae

347 1137 537 1221 reipublicae
560 1137 689 1200 tandem
712 1141 801 1200 ortus
824 1139 880 1200 est.
906 1137 1077 1222 Imperium
1091 1137 1271 1201 Romanum
1285 1143 1371 1202 tunc

255 1257 257 1264 ,
348 1273 394 1335 ita
414 1271 609 1348 diviserunt,
635 1275 672 1334 ut
696 1270 860 1335 Antonius
884 1273 1062 1357 provincias
1086 1272 1146 1336 sibi
1166 1274 1230 1336 iam
1254 1275 1369 1337 decre·

348 1413 416 1484 tas,
441 1406 555 1472 Caesar
578 1406 721 1471 Africam
746 1406 885 1472 Siciliam
910 1407 1106 1485 Sardiniam,
1127 1407 1263 1492 Lepidus
1286 1407 1368 1472 His-

349 1545 460 1631 panias
494 1547 527 1608 ct
561 1544 698 1608 Galliam
730 1543 971 1608 Narbonensem
1002 1545 1194 1608 obtinerent.
1241 1543 1372 1610 Deinde

350 1681 386 1746 L.
411 1679 509 1744 Vario
541 1678 655 1763 Cotyla
687 1679 807 1744 Galliae
838 1679 996 1764 praefecto
1028 1679 1162 1744 Romam
1185 1680 1370 1758 redierunt,

352 1817 407 1878 ubi
436 1816 507 1899 lege
537 1815 622 1878 Titia
652 1816 719 1878 lata
750 1816 861 1879 llIviri
896 1815 1087 1899 reipublicae
1124 1817 1371 1882 constituendae
1460 1809 1475 1825 ²

352 1951 512 2015 consulari
546 1954 702 2035 potestate
736 1975 755 2014 a
791 1953 907 2037 populo
942 1953 1086 2016 Romano
1116 1955 1244 2016 taudem
1269 1955 1372 2017 creati

353 2091 438 2152 sunt.
486 2087 670 2170 Antequam
701 2109 774 2151 vero
806 2089 846 2152 ad
871 2088 1002 2152 Brutum
1029 2087 1234 2171 Cassiumque
1259 2090 1371 2153 debel-

352 2225 466 2288 landos
498 2223 631 2309 profecti
663 2229 755 2299 sunt,
790 2225 993 2308 magistratus
1023 2229 1088 2288 tam
1119 2225 1234 2288 urbani
1269 2248 1370 2309 quam

354 2361 565 2446 provinciales
595 2361 749 2443 assignati
773 2365 861 2434 sunt,
890 2361 930 2424 ab
954 2363 1094 2425 Antonio
1118 2362 1239 2427 Galliae
1259 2385 1371 2428 coma-

355 2499 405 2558 tae
428 2495 465 2570 Q.
489 2495 598 2559 Fufius
622 2493 759 2559 Calenus
783 2501 816 2558 et
839 2497 875 2559 P.
901 2496 1070 2560 Ventidius
1089 2497 1222 2580 Bassus,
1243 2497 1371 2563 Galliae

355 2630 553 2715 Cisalpinae,
579 2636 615 2695 ut
639 2632 781 2708 videtur,
806 2632 841 2696 O.
867 2633 998 2697 Asinius
1021 2633 1133 2697 Pollio.

397 2770 624 2834 Defensoribus
638 2771 841 2853 reipublicae
865 2773 904 2833 ad
927 2769 1092 2854 Philippos
1115 2772 1271 2857 oppressis
1298 2773 1372 2836 An-

353 2907 460 2969 tonius
490 2907 525 2969 in
554 2908 681 2984 Asiam,
716 2906 831 2971 Cacsar
865 2908 900 2969 in
935 2908 1062 2970 Italiam
1096 2908 1199 2970 iturus
1234 2909 1372 2972 alteram

352 3044 538 3107 divisionem
566 3043 712 3108 fecerunt
736 3045 857 3108 domini
880 3045 965 3108 orbis
989 3048 1144 3109 terrarum
1169 3047 1230 3110 hoc
1253 3051 1370 3126 modo,

353 3185 389 3242 ut
425 3181 588 3243 Antonius
626 3200 679 3263 pro
716 3180 820 3243 Gallia
856 3181 1027 3265 cisalpina,
1061 3183 1162 3245 libera
1196 3181 1328 3246 remissa
1345 3186 1371 3270 ¹)

353 3315 528 3397 Italiaeque
560 3316 685 3398 addita,
719 3315 857 3380 Galliam
887 3317 1129 3382 Narbonensem
1158 3320 1313 3404 acciperet
1338 3326 1372 3384 et

355 3453 551 3537 provinciaS,
591 3475 669 3534 quas
712 3454 752 3516 ad
790 3453 823 3515 id
860 3456 984 3538 tempus
1022 3454 1140 3518 Brutus
1178 3454 1371 3540 Cassiusque

352 3595 517 3666 rexerant,
560 3594 696 3674 pacaret.
752 3588 832 3655 Cum
873 3596 981 3656 autem
1022 3614 1108 3655 anno
1155 3594 1195 3655 41
1241 3596 1370 3656 cosdem

354 3726 434 3789 duos
457 3726 542 3789 viros
567 3724 689 3789 Galliae
713 3748 854 3811 praeesse
878 3728 1061 3804 videamuS,
1083 3748 1162 3812 quos
1183 3730 1249 3812 jam
1273 3733 1372 3794 antea

353 3833 517 3926 Antonius
551 3861 764 3944 praefecerat,
800 3863 866 3927 vari
901 3863 1003 3926 simile
1037 3867 1085 3928 est
1116 3864 1303 3929 Ventidium
1337 3872 1372 3929 et

354 4014 552 4027 ...u—‘⁸'—

387 4104 413 4166 1)
431 4103 532 4167 Appian.
551 4104 580 4150 B.
599 4103 626 4152 C.
646 4103 676 4160 V,
694 4105 722 4160 33
741 4103 787 4150 Dio
805 4102 899 4150 Cassius
915 4105 956 4161 48,
976 4105 1013 4152 12.
