3106 5086
863 491 903 554 10

378 725 557 811 Philippica
582 728 618 812 ι),
641 728 760 815 scripta
784 751 812 793 a.
836 733 867 794 s.
892 729 972 795 xm
995 730 1067 797 nu.
1091 730 1171 815 apr.
1194 733 1255 811 43,
1280 710 1393 799 orooro

374 865 523 945 titulum,
555 868 594 932 de
623 888 687 953 quo
720 869 862 954 agimus,
892 870 932 933 ab
964 872 1105 936 Antonio
1136 876 1298 958 arreptum
1322 895 1392 938 esse

349 1006 588 1086 'demonstrat‚
621 1030 694 1073 cum
725 1009 864 1073 alienum
896 1011 957 1075 hoo
989 1011 1017 1075 ci
1042 985 1159 1076 nomen
1183 1011 1279 1077 fuisse
1301 1013 1391 1107 indi-

370 1151 509 1230 gnanter
532 1149 698 1213 exclamat.
743 1147 827 1213 'Oum
850 1154 956 1214 autem
981 1172 1020 1214 ex
1042 1151 1136 1215 titulo
1160 1151 1312 1230 Antonii,
1333 1154 1392 1237 qui

370 1288 492 1372 positus
516 1292 564 1354 est
587 1289 621 1352 in
646 1289 749 1375 capite
772 1289 925 1373 epistulae
944 1311 962 1354 a
982 1289 1083 1354 Bruto
1104 1296 1136 1355 et
1149 1290 1256 1356 Cassio
1268 1295 1389 1375 praett.

372 1431 413 1492 ad
435 1450 506 1492 eum
530 1427 639 1506 datae,
664 1431 774 1514 pateat
796 1430 1019 1513 imperatorem
1040 1431 1182 1495 nondum
1202 1430 1389 1497 fiiisseante

370 1569 452 1653 prid.
477 1567 562 1634 Non.
588 1568 674 1634 Sext.
699 1569 761 1646 44,
786 1569 818 1632 id
848 1571 975 1632 tanturn
994 1591 1052 1653 pro
1065 1573 1152 1633 certo
1164 1568 1314 1633 affirmari
1325 1590 1387 1653 po-

369 1712 431 1774 test
454 1709 634 1774 Antonium
658 1708 735 1792 imp.
762 1708 804 1794 (I)
828 1707 1001 1773 salutatum
1016 1675 1092 1772 esse
1114 1711 1188 1791 post
1200 1708 1281 1792 prid.
1295 1707 1383 1773 Non.

368 1849 454 1916 Sext.
486 1849 548 1932 44,
572 1852 648 1913 ante
670 1870 697 1912 a.
724 1850 754 1913 d.
779 1847 869 1913 XIII.
892 1847 964 1912 Kal.
990 1847 1091 1932 April.
1118 1849 1172 1913 43.
1221 1847 1322 1914 (lausa
1346 1871 1384 1914 aa

366 1991 439 2074 ipsa
470 1990 613 2066 ridetur,
646 1991 731 2073 quod
762 1987 924 2054 Antonius
948 1988 1058 2053 occisis
1082 1987 1203 2052 civibus
1226 1986 1381 2051 Romanis

366 2131 400 2195 in
426 2130 667 2215 oppugnatione
690 2127 835 2194 Mutinae
857 2131 989 2212 propter
1007 2127 1103 2191 talem
1123 2126 1288 2191 victoriam
1300 2127 1380 2189 oon'-

366 2273 417 2332 tra
448 2269 587 2353 priscum
619 2290 737 2332 morem
770 2268 971 2352 imperatoris
1002 2267 1262 2332 acclamationem
1290 2287 1379 2330 aoce-

366 2409 458 2493 perit.

787 2660 963 2671 -v--n--ua-

482 2880 527 2948 Μ.
552 2847 775 2948 surculus
799 2881 1054 2948 ruaumuoa
1074 2878 1253 2946 inunum.

407 3101 450 3167 Μ.
475 3100 621 3166 Antonio
643 3105 796 3186 quattuor
819 3102 951 3166 omnino
976 3099 1181 3164 salutationes
1200 3100 1372 3183 imperato-

359 3242 428 3306 riae
456 3242 582 3306 oblatae
611 3247 700 3320 sunt,
733 3263 867 3326 quarum
894 3240 995 3304 tribus
1018 3237 1246 3322 posterioribus
1269 3257 1370 3300 annos

250 3387 253 3392 ⁴
361 3380 403 3444 39
435 3401 535 3464 usque
562 3381 602 3444 ad
627 3382 667 3444 31
694 3379 909 3464 adsignandos
930 3400 996 3442 esse
1021 3376 1154 3461 probare
1176 3395 1270 3461 posse¹
1291 3373 1369 3438 mihi

357 3520 475 3586 videor.
522 3519 602 3583 Post
632 3541 741 3604 pacem
772 3477 856 3602 apud
883 3517 1041 3583 Misenum
1073 3539 1144 3581 oum
1175 3515 1245 3583 Sex.
1271 3517 1368 3581 Pom·

357 3661 427 3746 poio
451 3661 662 3744 compositam
688 3658 712 3745 2)
734 3659 893 3744 principes
918 3659 1055 3724 civitatis
1080 3661 1225 3724 eonsules
1245 3661 1291 3722 ita
1314 3659 1386 3748 dc-¹

357 3801 567 3886 signaverunt
596 3801 631 3864 in
654 3822 756 3864 annos
781 3801 931 3882 34-31,
957 3804 994 3865 ut
1017 3800 1061 3866 Μ.
1085 3799 1230 3866 Antonio
1254 3822 1369 3864 oonsu-

357 3994 518 4005 -ι--ι-ιι

390 4103 417 4168 1)
436 4103 513 4162 XIII,
534 4104 573 4155 10.
675 4105 702 4170 2)
720 4107 856 4155 Mommsen
874 4105 942 4154 Rom.
961 4107 1061 4157 Staatsr.
1080 4106 1107 4154 1²
1126 4121 1149 4174 p.
1169 4104 1230 4164 ool,
1255 4120 1274 4155 a.
1294 4107 1333 4156 3..
