<?xml version="1.0" encoding="UTF-8"?>
<!DOCTYPE html PUBLIC "-//W3C//DTD XHTML 1.0 Transitional//EN"
    "http://www.w3.org/TR/xhtml1/DTD/xhtml1-transitional.dtd">
<html xmlns="http://www.w3.org/1999/xhtml" xml:lang="en" lang="en">
 <head>
  <title>
</title>
<meta http-equiv="Content-Type" content="text/html;charset=utf-8" />
  <meta name='ocr-system' content='tesseract 3.04.00' />
  <meta name='ocr-capabilities' content='ocr_page ocr_carea ocr_par ocr_line ocrx_word'/>
</head>
<body>
  <div class='ocr_page' id='page_1' title='image "./denummismantoni00calagoog_0051.png"; bbox 0 0 3106 5086; ppageno 0'>
   <div class='ocr_carea' id='block_1_1' title="bbox 904 523 946 587">
    <p class='ocr_par' dir='ltr' id='par_1_1' title="bbox 904 523 946 587">
     <span class='ocr_line' id='line_1_1' title="bbox 904 523 946 587; baseline 0.024 -1"><span class='ocrx_word' id='word_1_1' title='bbox 904 523 946 587; x_wconf 89' lang='lat'><strong>38</strong></span> 
     </span>
    </p>
   </div>
   <div class='ocr_carea' id='block_1_2' title="bbox 415 757 1434 1927">
    <p class='ocr_par' dir='ltr' id='par_1_2' title="bbox 415 757 1434 1927">
     <span class='ocr_line' id='line_1_2' title="bbox 416 757 1430 843; baseline -0.002 -18"><span class='ocrx_word' id='word_1_2' title='bbox 416 767 653 835; x_wconf 79' lang='lat' dir='ltr'><strong>consecratum,</strong></span> <span class='ocrx_word' id='word_1_3' title='bbox 685 760 760 843; x_wconf 90' lang='lat' dir='ltr'><strong>quia</strong></span> <span class='ocrx_word' id='word_1_4' title='bbox 790 763 919 822; x_wconf 82' lang='lat' dir='ltr'><strong>exstant</strong></span> <span class='ocrx_word' id='word_1_5' title='bbox 947 758 1069 822; x_wconf 88' lang='lat' dir='ltr'><strong>denarii</strong></span> <span class='ocrx_word' id='word_1_6' title='bbox 1095 763 1231 842; x_wconf 64' lang='lat' dir='ltr'><strong>uqqeutm&#39;</strong></span> <span class='ocrx_word' id='word_1_7' title='bbox 1253 759 1288 822; x_wconf 92' lang='lat' dir='ltr'><strong>P.</strong></span> <span class='ocrx_word' id='word_1_8' title='bbox 1315 757 1430 837; x_wconf 84' lang='lat' dir='ltr'><strong>Clodii,</strong></span> 
     </span>
     <span class='ocr_line' id='line_1_3' title="bbox 417 891 1434 980; baseline 0 -21"><span class='ocrx_word' id='word_1_9' title='bbox 417 900 515 980; x_wconf 89' lang='lat' dir='ltr'><strong>caput</strong></span> <span class='ocrx_word' id='word_1_10' title='bbox 539 894 682 960; x_wconf 78' lang='lat' dir='ltr'><strong>Caesaris</strong></span> <span class='ocrx_word' id='word_1_11' title='bbox 705 891 848 958; x_wconf 86' lang='lat' dir='ltr'><strong>nondum</strong></span> <span class='ocrx_word' id='word_1_12' title='bbox 874 893 948 958; x_wconf 83' lang='lat' dir='ltr'><strong>Divi</strong></span> <span class='ocrx_word' id='word_1_13' title='bbox 966 897 1187 970; x_wconf 71' lang='lat' dir='ltr'>ostendentes,</span> <span class='ocrx_word' id='word_1_14' title='bbox 1203 895 1340 978; x_wconf 90' lang='lat' dir='ltr'><strong>amplius</strong></span> <span class='ocrx_word' id='word_1_15' title='bbox 1352 896 1434 960; x_wconf 87' lang='lat' dir='ltr'><strong>illud</strong></span> 
     </span>
     <span class='ocr_line' id='line_1_4' title="bbox 417 1029 1432 1116; baseline 0.002 -21"><span class='ocrx_word' id='word_1_16' title='bbox 417 1054 550 1108; x_wconf 86' lang='lat' dir='ltr'><strong>munus,</strong></span> <span class='ocrx_word' id='word_1_17' title='bbox 573 1032 636 1095; x_wconf 89' lang='lat' dir='ltr'><strong>iam</strong></span> <span class='ocrx_word' id='word_1_18' title='bbox 661 1034 756 1095; x_wconf 90' lang='lat' dir='ltr'><strong>antea</strong></span> <span class='ocrx_word' id='word_1_19' title='bbox 772 1029 869 1094; x_wconf 92' lang='lat' dir='ltr'><strong>Vibio</strong></span> <span class='ocrx_word' id='word_1_20' title='bbox 885 1031 992 1094; x_wconf 91' lang='lat' dir='ltr'><strong>datum</strong></span> <span class='ocrx_word' id='word_1_21' title='bbox 1005 1078 1012 1106; x_wconf 94' lang='lat'>‚</span> <span class='ocrx_word' id='word_1_22' title='bbox 1025 1034 1065 1094; x_wconf 87' lang='lat' dir='ltr'><strong>ad</strong></span> <span class='ocrx_word' id='word_1_23' title='bbox 1077 1031 1215 1116; x_wconf 90' lang='lat' dir='ltr'><strong>reliquos</strong></span> <span class='ocrx_word' id='word_1_24' title='bbox 1227 1034 1290 1096; x_wconf 88' lang='lat' dir='ltr'><strong>tres</strong></span> <span class='ocrx_word' id='word_1_25' title='bbox 1303 1053 1432 1116; x_wconf 92' lang='lat' dir='ltr'><strong>quoque</strong></span> 
     </span>
     <span class='ocr_line' id='line_1_5' title="bbox 417 1166 1434 1254; baseline 0 -22"><span class='ocrx_word' id='word_1_26' title='bbox 417 1170 576 1254; x_wconf 88' lang='lat' dir='ltr'><strong>pertinere</strong></span> <span class='ocrx_word' id='word_1_27' title='bbox 587 1167 701 1252; x_wconf 84' lang='lat' dir='ltr'><strong>eoepit.</strong></span> <span class='ocrx_word' id='word_1_28' title='bbox 748 1166 781 1232; x_wconf 83' lang='lat' dir='ltr'><strong>Si</strong></span> <span class='ocrx_word' id='word_1_29' title='bbox 794 1167 887 1230; x_wconf 90' lang='lat' dir='ltr'><strong>huius</strong></span> <span class='ocrx_word' id='word_1_30' title='bbox 900 1167 944 1230; x_wconf 89' lang='lat' dir='ltr'><strong>rei</strong></span> <span class='ocrx_word' id='word_1_31' title='bbox 955 1188 1062 1230; x_wconf 82' lang='lat' dir='ltr'><strong>veram</strong></span> <span class='ocrx_word' id='word_1_32' title='bbox 1075 1167 1210 1250; x_wconf 88' lang='lat' dir='ltr'><strong>speciem</strong></span> <span class='ocrx_word' id='word_1_33' title='bbox 1224 1167 1292 1250; x_wconf 90' lang='lat' dir='ltr'><strong>oepi</strong></span> <span class='ocrx_word' id='word_1_34' title='bbox 1303 1215 1310 1244; x_wconf 89' lang='lat'><strong>‚</strong></span> <span class='ocrx_word' id='word_1_35' title='bbox 1323 1170 1434 1251; x_wconf 91' lang='lat' dir='ltr'><strong>paullo</strong></span> 
     </span>
     <span class='ocr_line' id='line_1_6' title="bbox 416 1302 1431 1387; baseline -0.003 -17"><span class='ocrx_word' id='word_1_36' title='bbox 416 1305 548 1371; x_wconf 88' lang='lat' dir='ltr'><strong>ulterius</strong></span> <span class='ocrx_word' id='word_1_37' title='bbox 579 1324 746 1387; x_wconf 84' lang='lat' dir='ltr'><strong>progresso</strong></span> <span class='ocrx_word' id='word_1_38' title='bbox 777 1306 915 1366; x_wconf 75' lang='lat' dir='ltr'><strong>statuere</strong></span> <span class='ocrx_word' id='word_1_39' title='bbox 947 1303 1043 1366; x_wconf 89' lang='lat' dir='ltr'><strong>etiam</strong></span> <span class='ocrx_word' id='word_1_40' title='bbox 1070 1302 1147 1366; x_wconf 92' lang='lat' dir='ltr'><strong>mihi</strong></span> <span class='ocrx_word' id='word_1_41' title='bbox 1170 1303 1265 1366; x_wconf 87' lang='lat' dir='ltr'><strong>lioeat</strong></span> <span class='ocrx_word' id='word_1_42' title='bbox 1284 1304 1431 1367; x_wconf 88' lang='lat' dir='ltr'><strong>omnium</strong></span> 
     </span>
     <span class='ocr_line' id='line_1_7' title="bbox 416 1438 1432 1524; baseline -0.001 -20"><span class='ocrx_word' id='word_1_43' title='bbox 416 1441 535 1524; x_wconf 85' lang='lat' dir='ltr'><strong>primos</strong></span> <span class='ocrx_word' id='word_1_44' title='bbox 558 1461 649 1503; x_wconf 90' lang='lat' dir='ltr'><strong>ousos</strong></span> <span class='ocrx_word' id='word_1_45' title='bbox 672 1460 739 1502; x_wconf 82' lang='lat' dir='ltr'><strong>esso</strong></span> <span class='ocrx_word' id='word_1_46' title='bbox 763 1459 892 1514; x_wconf 82' lang='lat' dir='ltr'><strong>aureos,</strong></span> <span class='ocrx_word' id='word_1_47' title='bbox 915 1438 1031 1521; x_wconf 87' lang='lat' dir='ltr'><strong>quibus</strong></span> <span class='ocrx_word' id='word_1_48' title='bbox 1053 1439 1215 1502; x_wconf 86' lang='lat' dir='ltr'><strong>Livineius</strong></span> <span class='ocrx_word' id='word_1_49' title='bbox 1228 1439 1337 1502; x_wconf 84' lang='lat' dir='ltr'><strong>laudes</strong></span> <span class='ocrx_word' id='word_1_50' title='bbox 1350 1460 1432 1522; x_wconf 80' lang='lat' dir='ltr'><strong>gen-</strong></span> 
     </span>
     <span class='ocr_line' id='line_1_8' title="bbox 415 1572 1432 1659; baseline 0 -21"><span class='ocrx_word' id='word_1_51' title='bbox 415 1576 497 1640; x_wconf 93' lang='lat' dir='ltr'><strong>tium</strong></span> <span class='ocrx_word' id='word_1_52' title='bbox 525 1577 560 1659; x_wconf 84' lang='lat'><strong>¹),</strong></span> <span class='ocrx_word' id='word_1_53' title='bbox 591 1597 725 1658; x_wconf 90' lang='lat' dir='ltr'><strong>quarum</strong></span> <span class='ocrx_word' id='word_1_54' title='bbox 759 1574 878 1656; x_wconf 79' lang='lat' dir='ltr'><strong>singuli</strong></span> <span class='ocrx_word' id='word_1_55' title='bbox 913 1572 1026 1638; x_wconf 86' lang='lat' dir='ltr'><strong>Illviri</strong></span> <span class='ocrx_word' id='word_1_56' title='bbox 1049 1579 1159 1648; x_wconf 82' lang='lat' dir='ltr'><strong>erant,</strong></span> <span class='ocrx_word' id='word_1_57' title='bbox 1184 1572 1297 1637; x_wconf 90' lang='lat' dir='ltr'><strong>Vibius</strong></span> <span class='ocrx_word' id='word_1_58' title='bbox 1321 1595 1432 1638; x_wconf 88' lang='lat' dir='ltr'><strong>eorum</strong></span> 
     </span>
     <span class='ocr_line' id='line_1_9' title="bbox 416 1709 1434 1794; baseline -0.001 -19"><span class='ocrx_word' id='word_1_59' title='bbox 416 1711 617 1774; x_wconf 88' lang='lat' dir='ltr'><strong>oonoordiam</strong></span> <span class='ocrx_word' id='word_1_60' title='bbox 640 1717 677 1788; x_wconf 80' lang='lat'><strong>²),</strong></span> <span class='ocrx_word' id='word_1_61' title='bbox 704 1710 874 1774; x_wconf 88' lang='lat' dir='ltr'><strong>Mussidius</strong></span> <span class='ocrx_word' id='word_1_62' title='bbox 898 1709 1034 1793; x_wconf 89' lang='lat' dir='ltr'><strong>gloriam</strong></span> <span class='ocrx_word' id='word_1_63' title='bbox 1054 1709 1203 1773; x_wconf 81' lang='lat' dir='ltr'><strong>bellicam</strong></span> <span class='ocrx_word' id='word_1_64' title='bbox 1218 1711 1242 1794; x_wconf 81' lang='lat'><strong>³)</strong></span> <span class='ocrx_word' id='word_1_65' title='bbox 1264 1732 1318 1774; x_wconf 85' lang='lat' dir='ltr'><strong>sau</strong></span> <span class='ocrx_word' id='word_1_66' title='bbox 1339 1733 1434 1794; x_wconf 88' lang='lat' dir='ltr'><strong>pras-</strong></span> 
     </span>
     <span class='ocr_line' id='line_1_10' title="bbox 416 1842 1434 1927; baseline 0.001 -19"><span class='ocrx_word' id='word_1_67' title='bbox 416 1847 539 1909; x_wconf 86' lang='lat' dir='ltr'><strong>sentem</strong></span> <span class='ocrx_word' id='word_1_68' title='bbox 573 1866 627 1908; x_wconf 89' lang='lat' dir='ltr'><strong>eeu</strong></span> <span class='ocrx_word' id='word_1_69' title='bbox 663 1844 803 1908; x_wconf 85' lang='lat' dir='ltr'><strong>l&#39;uturam</strong></span> <span class='ocrx_word' id='word_1_70' title='bbox 835 1843 979 1919; x_wconf 74' lang='lat' dir='ltr'><strong>extollit,</strong></span> <span class='ocrx_word' id='word_1_71' title='bbox 1011 1842 1143 1908; x_wconf 79' lang='lat' dir='ltr'><strong>Clodius</strong></span> <span class='ocrx_word' id='word_1_72' title='bbox 1166 1844 1302 1927; x_wconf 88' lang='lat' dir='ltr'><strong>denique</strong></span> <span class='ocrx_word' id='word_1_73' title='bbox 1326 1844 1434 1909; x_wconf 84' lang='lat' dir='ltr'><strong>Anto-</strong></span> 
     </span>
    </p>
   </div>
   <div class='ocr_carea' id='block_1_3' title="bbox 418 1979 1433 2064">
    <p class='ocr_par' dir='ltr' id='par_1_3' title="bbox 418 1979 1433 2064">
     <span class='ocr_line' id='line_1_11' title="bbox 418 1979 1433 2064; baseline 0 -18"><span class='ocrx_word' id='word_1_74' title='bbox 418 1983 507 2046; x_wconf 88' lang='lat' dir='ltr'><strong>nium</strong></span> <span class='ocrx_word' id='word_1_75' title='bbox 540 2003 596 2064; x_wconf 90' lang='lat' dir='ltr'><strong>per</strong></span> <span class='ocrx_word' id='word_1_76' title='bbox 619 1981 815 2044; x_wconf 88' lang='lat' dir='ltr'><strong>Pantheonis</strong></span> <span class='ocrx_word' id='word_1_77' title='bbox 838 1980 1029 2063; x_wconf 79' lang='lat' dir='ltr'><strong>imaginem,</strong></span> <span class='ocrx_word' id='word_1_78' title='bbox 1054 1979 1197 2045; x_wconf 86' lang='lat' dir='ltr'><strong>Caesaris</strong></span> <span class='ocrx_word' id='word_1_79' title='bbox 1221 1983 1351 2063; x_wconf 86' lang='lat' dir='ltr'><strong>gentem</strong></span> <span class='ocrx_word' id='word_1_80' title='bbox 1374 2003 1433 2064; x_wconf 87' lang='lat' dir='ltr'><strong>per</strong></span> 
     </span>
    </p>
   </div>
   <div class='ocr_carea' id='block_1_4' title="bbox 416 2099 1432 2201">
    <p class='ocr_par' dir='ltr' id='par_1_4' title="bbox 416 2099 1432 2201">
     <span class='ocr_line' id='line_1_12' title="bbox 416 2099 1432 2201; baseline -0.001 -18"><span class='ocrx_word' id='word_1_81' title='bbox 416 2118 550 2183; x_wconf 83' lang='lat' dir='ltr'><strong>Veneris</strong></span> <span class='ocrx_word' id='word_1_82' title='bbox 581 2099 735 2194; x_wconf 85' lang='lat' dir='ltr'><strong>formam,</strong></span> <span class='ocrx_word' id='word_1_83' title='bbox 772 2117 927 2201; x_wconf 87' lang='lat' dir='ltr'><strong>Lepidum</strong></span> <span class='ocrx_word' id='word_1_84' title='bbox 962 2122 1093 2200; x_wconf 85' lang='lat' dir='ltr'><strong>propter</strong></span> <span class='ocrx_word' id='word_1_85' title='bbox 1115 2138 1217 2200; x_wconf 87' lang='lat' dir='ltr'><strong>nuper</strong></span> <span class='ocrx_word' id='word_1_86' title='bbox 1240 2119 1347 2182; x_wconf 82' lang='lat' dir='ltr'><strong>aetum</strong></span> <span class='ocrx_word' id='word_1_87' title='bbox 1370 2118 1432 2182; x_wconf 85' lang='lat' dir='ltr'><strong>tn&#39;·</strong></span> 
     </span>
    </p>
   </div>
   <div class='ocr_carea' id='block_1_5' title="bbox 413 2253 1432 3005">
    <p class='ocr_par' dir='ltr' id='par_1_5' title="bbox 413 2253 1432 3005">
     <span class='ocr_line' id='line_1_13' title="bbox 415 2253 1431 2340; baseline -0.002 -20"><span class='ocrx_word' id='word_1_88' title='bbox 415 2257 570 2340; x_wconf 90' lang='lat' dir='ltr'><strong>umphum</strong></span> <span class='ocrx_word' id='word_1_89' title='bbox 594 2277 650 2339; x_wconf 91' lang='lat' dir='ltr'><strong>per</strong></span> <span class='ocrx_word' id='word_1_90' title='bbox 672 2256 795 2338; x_wconf 84' lang='lat' dir='ltr'><strong>tropaei</strong></span> <span class='ocrx_word' id='word_1_91' title='bbox 815 2254 989 2337; x_wconf 87' lang='lat' dir='ltr'><strong>imaginem</strong></span> <span class='ocrx_word' id='word_1_92' title='bbox 1009 2253 1189 2317; x_wconf 82' lang='lat' dir='ltr'><strong>celebrarit.</strong></span> <span class='ocrx_word' id='word_1_93' title='bbox 1214 2253 1335 2318; x_wconf 80' lang='lat' dir='ltr'><strong>Eodem</strong></span> <span class='ocrx_word' id='word_1_94' title='bbox 1348 2261 1431 2318; x_wconf 87' lang='lat' dir='ltr'><strong>tem·</strong></span> 
     </span>
     <span class='ocr_line' id='line_1_14' title="bbox 415 2390 1432 2476; baseline -0.003 -19"><span class='ocrx_word' id='word_1_95' title='bbox 415 2413 492 2476; x_wconf 86' lang='lat' dir='ltr'><strong>pore</strong></span> <span class='ocrx_word' id='word_1_96' title='bbox 523 2393 646 2475; x_wconf 89' lang='lat' dir='ltr'><strong>aliquot</strong></span> <span class='ocrx_word' id='word_1_97' title='bbox 677 2391 799 2453; x_wconf 89' lang='lat' dir='ltr'><strong>denarii</strong></span> <span class='ocrx_word' id='word_1_98' title='bbox 830 2412 849 2452; x_wconf 90' lang='lat' dir='ltr'><strong>a</strong></span> <span class='ocrx_word' id='word_1_99' title='bbox 881 2390 976 2453; x_wconf 93' lang='lat' dir='ltr'><strong>Vibio</strong></span> <span class='ocrx_word' id='word_1_100' title='bbox 1007 2391 1073 2452; x_wconf 82' lang='lat' dir='ltr'><strong>cusi</strong></span> <span class='ocrx_word' id='word_1_101' title='bbox 1097 2411 1164 2452; x_wconf 88' lang='lat' dir='ltr'><strong>essa</strong></span> <span class='ocrx_word' id='word_1_102' title='bbox 1187 2393 1322 2473; x_wconf 86' lang='lat' dir='ltr'><strong>possunt</strong></span> <span class='ocrx_word' id='word_1_103' title='bbox 1345 2390 1432 2474; x_wconf 90' lang='lat' dir='ltr'><strong>(illos</strong></span> 
     </span>
     <span class='ocr_line' id='line_1_15' title="bbox 415 2526 1431 2610; baseline -0.002 -18"><span class='ocrx_word' id='word_1_104' title='bbox 415 2529 504 2604; x_wconf 87' lang='lat' dir='ltr'><strong>dieo,</strong></span> <span class='ocrx_word' id='word_1_105' title='bbox 533 2527 589 2610; x_wconf 92' lang='lat' dir='ltr'><strong>qui</strong></span> <span class='ocrx_word' id='word_1_106' title='bbox 620 2527 738 2608; x_wconf 86' lang='lat' dir='ltr'><strong>singuli</strong></span> <span class='ocrx_word' id='word_1_107' title='bbox 769 2527 947 2589; x_wconf 82' lang='lat' dir='ltr'><strong>Antonium</strong></span> <span class='ocrx_word' id='word_1_108' title='bbox 979 2531 1012 2588; x_wconf 92' lang='lat' dir='ltr'><strong>et</strong></span> <span class='ocrx_word' id='word_1_109' title='bbox 1043 2527 1253 2591; x_wconf 83' lang='lat' dir='ltr'><strong>Octavianum</strong></span> <span class='ocrx_word' id='word_1_110' title='bbox 1280 2526 1431 2590; x_wconf 86' lang='lat' dir='ltr'><strong>barbatos</strong></span> 
     </span>
     <span class='ocr_line' id='line_1_16' title="bbox 414 2662 1429 2746; baseline -0.001 -19"><span class='ocrx_word' id='word_1_111' title='bbox 414 2663 581 2746; x_wconf 86' lang='lat' dir='ltr'><strong>exhibent;</strong></span> <span class='ocrx_word' id='word_1_112' title='bbox 614 2663 753 2739; x_wconf 85' lang='lat' dir='ltr'><strong>denarii,</strong></span> <span class='ocrx_word' id='word_1_113' title='bbox 788 2662 904 2746; x_wconf 90' lang='lat' dir='ltr'><strong>quibus</strong></span> <span class='ocrx_word' id='word_1_114' title='bbox 927 2662 981 2725; x_wconf 90' lang='lat' dir='ltr'><strong>ille</strong></span> <span class='ocrx_word' id='word_1_115' title='bbox 1004 2662 1115 2744; x_wconf 82' lang='lat' dir='ltr'><strong>Lepidi</strong></span> <span class='ocrx_word' id='word_1_116' title='bbox 1138 2662 1262 2725; x_wconf 86' lang='lat' dir='ltr'><strong>vultum</strong></span> <span class='ocrx_word' id='word_1_117' title='bbox 1285 2662 1429 2740; x_wconf 79' lang='lat' dir='ltr'><strong>mandit,</strong></span> 
     </span>
     <span class='ocr_line' id='line_1_17' title="bbox 414 2795 1429 2880; baseline -0.001 -20"><span class='ocrx_word' id='word_1_118' title='bbox 414 2797 518 2860; x_wconf 87' lang='lat' dir='ltr'><strong>adhue</strong></span> <span class='ocrx_word' id='word_1_119' title='bbox 550 2797 726 2878; x_wconf 83' lang='lat' dir='ltr'><strong>deficiunt).</strong></span> <span class='ocrx_word' id='word_1_120' title='bbox 775 2795 855 2860; x_wconf 81' lang='lat' dir='ltr'><strong>Cum</strong></span> <span class='ocrx_word' id='word_1_121' title='bbox 886 2804 996 2879; x_wconf 88' lang='lat' dir='ltr'><strong>postea</strong></span> <span class='ocrx_word' id='word_1_122' title='bbox 1026 2799 1128 2862; x_wconf 90' lang='lat' dir='ltr'><strong>maius</strong></span> <span class='ocrx_word' id='word_1_123' title='bbox 1159 2819 1275 2860; x_wconf 86' lang='lat' dir='ltr'><strong>munus</strong></span> <span class='ocrx_word' id='word_1_124' title='bbox 1299 2798 1429 2880; x_wconf 89' lang='lat' dir='ltr'><strong>argenti</strong></span> 
     </span>
     <span class='ocr_line' id='line_1_18' title="bbox 413 2931 1430 3005; baseline 0.001 -10"><span class='ocrx_word' id='word_1_125' title='bbox 413 2933 509 2998; x_wconf 88' lang='lat' dir='ltr'><strong>etiam</strong></span> <span class='ocrx_word' id='word_1_126' title='bbox 542 2932 679 2994; x_wconf 71' lang='lat' dir='ltr'><strong>feriundi</strong></span> <span class='ocrx_word' id='word_1_127' title='bbox 712 2931 861 2994; x_wconf 85' lang='lat' dir='ltr'><strong>omnibus</strong></span> <span class='ocrx_word' id='word_1_128' title='bbox 892 2935 1079 2995; x_wconf 88' lang='lat' dir='ltr'><strong>mandatum</strong></span> <span class='ocrx_word' id='word_1_129' title='bbox 1103 2938 1204 3005; x_wconf 81' lang='lat' dir='ltr'><strong>esset,</strong></span> <span class='ocrx_word' id='word_1_130' title='bbox 1231 2955 1269 2995; x_wconf 85' lang='lat' dir='ltr'><strong>ex</strong></span> <span class='ocrx_word' id='word_1_131' title='bbox 1294 2953 1430 2996; x_wconf 84' lang='lat' dir='ltr'><strong>eonsue-</strong></span> 
     </span>
    </p>
   </div>
   <div class='ocr_carea' id='block_1_6' title="bbox 413 3068 1428 3153">
    <p class='ocr_par' dir='ltr' id='par_1_6' title="bbox 413 3068 1428 3153">
     <span class='ocr_line' id='line_1_19' title="bbox 413 3068 1428 3153; baseline 0.003 -23"><span class='ocrx_word' id='word_1_132' title='bbox 413 3068 524 3148; x_wconf 86' lang='lat' dir='ltr'><strong>tudine</strong></span> <span class='ocrx_word' id='word_1_133' title='bbox 544 3089 653 3130; x_wconf 90' lang='lat' dir='ltr'><strong>eorum</strong></span> <span class='ocrx_word' id='word_1_134' title='bbox 672 3070 852 3149; x_wconf 89' lang='lat' dir='ltr'><strong>temporum</strong></span> <span class='ocrx_word' id='word_1_135' title='bbox 871 3068 1005 3130; x_wconf 86' lang='lat' dir='ltr'><strong>omisere</strong></span> <span class='ocrx_word' id='word_1_136' title='bbox 1018 3069 1147 3132; x_wconf 89' lang='lat' dir='ltr'><strong>titulum</strong></span> <span class='ocrx_word' id='word_1_137' title='bbox 1159 3069 1375 3151; x_wconf 87' lang='lat' dir='ltr'><strong>quattuorviri</strong></span> <span class='ocrx_word' id='word_1_138' title='bbox 1390 3073 1428 3153; x_wconf 68' lang='lat'><strong>³).</strong></span> 
     </span>
    </p>
   </div>
   <div class='ocr_carea' id='block_1_7' title="bbox 427 3271 593 3282">
    <p class='ocr_par' dir='ltr' id='par_1_7' title="bbox 427 3271 593 3282">
     <span class='ocr_line' id='line_1_20' title="bbox 427 3271 593 3282; baseline -0.024 0"><span class='ocrx_word' id='word_1_139' title='bbox 427 3271 593 3282; x_wconf 57' lang='grc' dir='ltr'>..ι-’,-</span> 
     </span>
    </p>
   </div>
   <div class='ocr_carea' id='block_1_8' title="bbox 408 3399 1430 4193">
    <p class='ocr_par' dir='ltr' id='par_1_8' title="bbox 411 3399 1430 3626">
     <span class='ocr_line' id='line_1_21' title="bbox 446 3399 1430 3464; baseline 0.003 -18"><span class='ocrx_word' id='word_1_140' title='bbox 446 3400 472 3464; x_wconf 88' lang='lat' dir='ltr'><strong>l)</strong></span> <span class='ocrx_word' id='word_1_141' title='bbox 490 3400 611 3447; x_wconf 81' lang='lat' dir='ltr'><strong>Livineius</strong></span> <span class='ocrx_word' id='word_1_142' title='bbox 639 3400 738 3447; x_wconf 77' lang='lat' dir='ltr'><strong>Antonii</strong></span> <span class='ocrx_word' id='word_1_143' title='bbox 760 3399 948 3448; x_wconf 89' lang='lat' dir='ltr'><strong>benevolentiam</strong></span> <span class='ocrx_word' id='word_1_144' title='bbox 965 3404 1061 3463; x_wconf 87' lang='lat' dir='ltr'><strong>capture</strong></span> <span class='ocrx_word' id='word_1_145' title='bbox 1078 3400 1170 3448; x_wconf 86' lang='lat' dir='ltr'><strong>studuit</strong></span> <span class='ocrx_word' id='word_1_146' title='bbox 1188 3417 1230 3464; x_wconf 91' lang='lat' dir='ltr'><strong>per</strong></span> <span class='ocrx_word' id='word_1_147' title='bbox 1246 3401 1349 3449; x_wconf 79' lang='lat' dir='ltr'><strong>Antonia</strong></span> <span class='ocrx_word' id='word_1_148' title='bbox 1368 3403 1430 3450; x_wconf 84' lang='lat' dir='ltr'><strong>ima·</strong></span> 
     </span>
     <span class='ocr_line' id='line_1_22' title="bbox 411 3482 1427 3545; baseline 0.003 -16"><span class='ocrx_word' id='word_1_149' title='bbox 411 3483 489 3545; x_wconf 88' lang='lat' dir='ltr'><strong>ginem</strong></span> <span class='ocrx_word' id='word_1_150' title='bbox 514 3482 555 3541; x_wconf 82' lang='lat' dir='ltr'><strong>(et.</strong></span> <span class='ocrx_word' id='word_1_151' title='bbox 581 3482 645 3529; x_wconf 89' lang='lat' dir='ltr'><strong>Plut.</strong></span> <span class='ocrx_word' id='word_1_152' title='bbox 670 3483 709 3528; x_wconf 92' lang='lat' dir='ltr'><strong>vit.</strong></span> <span class='ocrx_word' id='word_1_153' title='bbox 731 3483 783 3528; x_wconf 75' lang='lat' dir='ltr'><strong>Aut</strong></span> <span class='ocrx_word' id='word_1_154' title='bbox 803 3498 823 3529; x_wconf 90' lang='lat' dir='ltr'><strong>o.</strong></span> <span class='ocrx_word' id='word_1_155' title='bbox 842 3485 875 3539; x_wconf 78' lang='lat'><strong>4),</strong></span> <span class='ocrx_word' id='word_1_156' title='bbox 894 3482 975 3543; x_wconf 79' lang='lat' dir='ltr'><strong>Lepidi</strong></span> <span class='ocrx_word' id='word_1_157' title='bbox 991 3498 1034 3545; x_wconf 87' lang='lat' dir='ltr'><strong>per</strong></span> <span class='ocrx_word' id='word_1_158' title='bbox 1053 3483 1143 3530; x_wconf 78' lang='lat' dir='ltr'><strong>[theam</strong></span> <span class='ocrx_word' id='word_1_159' title='bbox 1161 3483 1260 3530; x_wconf 85' lang='lat' dir='ltr'><strong>Silvium</strong></span> <span class='ocrx_word' id='word_1_160' title='bbox 1278 3484 1327 3530; x_wconf 89' lang='lat' dir='ltr'><strong>sive</strong></span> <span class='ocrx_word' id='word_1_161' title='bbox 1345 3485 1427 3532; x_wconf 82' lang='lat' dir='ltr'><strong>Aemi·</strong></span> 
     </span>
     <span class='ocr_line' id='line_1_23' title="bbox 411 3563 964 3626; baseline -0.002 -15"><span class='ocrx_word' id='word_1_162' title='bbox 411 3563 481 3619; x_wconf 85' lang='lat' dir='ltr'><strong>liam,</strong></span> <span class='ocrx_word' id='word_1_163' title='bbox 503 3563 610 3610; x_wconf 67' lang='lat' dir='ltr'><strong>(auaro</strong></span> <span class='ocrx_word' id='word_1_164' title='bbox 626 3579 669 3626; x_wconf 86' lang='lat' dir='ltr'><strong>per</strong></span> <span class='ocrx_word' id='word_1_165' title='bbox 686 3565 779 3610; x_wconf 77' lang='lat' dir='ltr'><strong>Aenean</strong></span> <span class='ocrx_word' id='word_1_166' title='bbox 798 3567 822 3610; x_wconf 91' lang='lat' dir='ltr'><strong>et</strong></span> <span class='ocrx_word' id='word_1_167' title='bbox 840 3563 964 3610; x_wconf 83' lang='lat' dir='ltr'><strong>Anchisen.</strong></span> 
     </span>
    </p>

    <p class='ocr_par' dir='ltr' id='par_1_9' title="bbox 443 3644 1207 3709">
     <span class='ocr_line' id='line_1_24' title="bbox 443 3644 1207 3709; baseline -0.001 -16"><span class='ocrx_word' id='word_1_168' title='bbox 443 3646 472 3709; x_wconf 80' lang='lat'><strong>2)</strong></span> <span class='ocrx_word' id='word_1_169' title='bbox 490 3646 519 3692; x_wconf 88' lang='lat' dir='ltr'><strong>ln</strong></span> <span class='ocrx_word' id='word_1_170' title='bbox 537 3644 645 3691; x_wconf 89' lang='lat' dir='ltr'><strong>omnibus</strong></span> <span class='ocrx_word' id='word_1_171' title='bbox 662 3646 711 3691; x_wconf 89' lang='lat' dir='ltr'><strong>eius</strong></span> <span class='ocrx_word' id='word_1_172' title='bbox 729 3645 806 3691; x_wconf 86' lang='lat' dir='ltr'><strong>aureis</strong></span> <span class='ocrx_word' id='word_1_173' title='bbox 825 3645 918 3692; x_wconf 86' lang='lat' dir='ltr'><strong>dextras</strong></span> <span class='ocrx_word' id='word_1_174' title='bbox 936 3646 1028 3692; x_wconf 86' lang='lat' dir='ltr'><strong>innatas</strong></span> <span class='ocrx_word' id='word_1_175' title='bbox 1044 3645 1207 3708; x_wconf 81' lang='lat' dir='ltr'><strong>conspicimus.</strong></span> 
     </span>
    </p>

    <p class='ocr_par' dir='ltr' id='par_1_10' title="bbox 445 3726 1170 3790">
     <span class='ocr_line' id='line_1_25' title="bbox 445 3726 1170 3790; baseline -0.001 -17"><span class='ocrx_word' id='word_1_176' title='bbox 445 3728 471 3790; x_wconf 80' lang='lat'><strong>3)</strong></span> <span class='ocrx_word' id='word_1_177' title='bbox 490 3727 553 3788; x_wconf 71' lang='lat' dir='ltr'><strong>Quia</strong></span> <span class='ocrx_word' id='word_1_178' title='bbox 570 3726 678 3773; x_wconf 88' lang='lat' dir='ltr'><strong>omnibus</strong></span> <span class='ocrx_word' id='word_1_179' title='bbox 695 3727 772 3773; x_wconf 85' lang='lat' dir='ltr'><strong>aureis</strong></span> <span class='ocrx_word' id='word_1_180' title='bbox 793 3727 881 3773; x_wconf 66' lang='lat' dir='ltr'><strong>§tlartis</strong></span> <span class='ocrx_word' id='word_1_181' title='bbox 899 3727 1026 3788; x_wconf 83' lang='lat' dir='ltr'><strong>imaginem</strong></span> <span class='ocrx_word' id='word_1_182' title='bbox 1044 3727 1170 3790; x_wconf 84' lang='lat' dir='ltr'><strong>impressit.</strong></span> 
     </span>
    </p>

    <p class='ocr_par' dir='ltr' id='par_1_11' title="bbox 408 3808 1429 4193">
     <span class='ocr_line' id='line_1_26' title="bbox 443 3808 1429 3874; baseline 0.004 -19"><span class='ocrx_word' id='word_1_183' title='bbox 443 3812 468 3866; x_wconf 80' lang='lat'><strong>4)</strong></span> <span class='ocrx_word' id='word_1_184' title='bbox 486 3808 592 3855; x_wconf 77' lang='lat' dir='ltr'><strong>&#39;l&#39;itulum</strong></span> <span class='ocrx_word' id='word_1_185' title='bbox 615 3808 725 3856; x_wconf 87' lang='lat' dir='ltr'><strong>omittere</strong></span> <span class='ocrx_word' id='word_1_186' title='bbox 748 3810 922 3870; x_wconf 80' lang='lat' dir='ltr'><strong>quattuorviris</strong></span> <span class='ocrx_word' id='word_1_187' title='bbox 945 3810 970 3856; x_wconf 90' lang='lat' dir='ltr'><strong>in</strong></span> <span class='ocrx_word' id='word_1_188' title='bbox 990 3808 1132 3866; x_wconf 77' lang='lat' dir='ltr'><strong>mulnisae,</strong></span> <span class='ocrx_word' id='word_1_189' title='bbox 1152 3811 1269 3872; x_wconf 86' lang='lat' dir='ltr'><strong>adponere</strong></span> <span class='ocrx_word' id='word_1_190' title='bbox 1285 3825 1429 3874; x_wconf 86' lang='lat' dir='ltr'><strong>supervacn-</strong></span> 
     </span>
     <span class='ocr_line' id='line_1_27' title="bbox 411 3890 1427 3954; baseline 0.004 -17"><span class='ocrx_word' id='word_1_191' title='bbox 411 3905 451 3937; x_wconf 89' lang='lat' dir='ltr'><strong>um</strong></span> <span class='ocrx_word' id='word_1_192' title='bbox 475 3890 559 3946; x_wconf 85' lang='lat' dir='ltr'><strong>fuisse,</strong></span> <span class='ocrx_word' id='word_1_193' title='bbox 587 3906 613 3937; x_wconf 84' lang='lat' dir='ltr'><strong>er</strong></span> <span class='ocrx_word' id='word_1_194' title='bbox 641 3891 745 3938; x_wconf 73' lang='lat' dir='ltr'><strong>denariis</strong></span> <span class='ocrx_word' id='word_1_195' title='bbox 771 3896 869 3954; x_wconf 85' lang='lat' dir='ltr'><strong>apparet</strong></span> <span class='ocrx_word' id='word_1_196' title='bbox 894 3891 1041 3939; x_wconf 83' lang='lat' dir='ltr'><strong>allllviris</strong></span> <span class='ocrx_word' id='word_1_197' title='bbox 1059 3907 1121 3939; x_wconf 84' lang='lat' dir='ltr'><strong>anno</strong></span> <span class='ocrx_word' id='word_1_198' title='bbox 1138 3893 1170 3938; x_wconf 84' lang='lat'><strong>44</strong></span> <span class='ocrx_word' id='word_1_199' title='bbox 1189 3891 1258 3939; x_wconf 77' lang='lat' dir='ltr'><strong>onais</strong></span> <span class='ocrx_word' id='word_1_200' title='bbox 1293 3892 1427 3942; x_wconf 79' lang='lat' dir='ltr'><strong>Flaminius</strong></span> 
     </span>
     <span class='ocr_line' id='line_1_28' title="bbox 410 3971 1428 4037; baseline 0.004 -18"><span class='ocrx_word' id='word_1_201' title='bbox 410 3971 480 4019; x_wconf 88' lang='lat' dir='ltr'><strong>Chilo</strong></span> <span class='ocrx_word' id='word_1_202' title='bbox 506 3972 600 4020; x_wconf 91' lang='lat' dir='ltr'><strong>llllvir</strong></span> <span class='ocrx_word' id='word_1_203' title='bbox 626 3973 761 4036; x_wconf 88' lang='lat' dir='ltr'><strong>appellatur</strong></span> <span class='ocrx_word' id='word_1_204' title='bbox 790 3973 845 4035; x_wconf 91' lang='lat' dir='ltr'><strong>quia</strong></span> <span class='ocrx_word' id='word_1_205' title='bbox 866 3973 971 4037; x_wconf 54' lang='lat' dir='ltr'><strong>„primus</strong></span> <span class='ocrx_word' id='word_1_206' title='bbox 988 3973 1072 4022; x_wconf 78' lang='lat' dir='ltr'><strong>flavit&#39;&#39;</strong></span> <span class='ocrx_word' id='word_1_207' title='bbox 1090 3977 1230 4036; x_wconf 86' lang='lat' dir='ltr'><strong>argentum,</strong></span> <span class='ocrx_word' id='word_1_208' title='bbox 1249 3973 1336 4035; x_wconf 86' lang='lat' dir='ltr'><strong>reliqui</strong></span> <span class='ocrx_word' id='word_1_209' title='bbox 1352 3974 1428 4023; x_wconf 86' lang='lat' dir='ltr'><strong>titulo</strong></span> 
     </span>
     <span class='ocr_line' id='line_1_29' title="bbox 409 4055 1427 4118; baseline 0.006 -19"><span class='ocrx_word' id='word_1_210' title='bbox 409 4069 538 4115; x_wconf 81' lang='lat' dir='ltr'><strong>uuruquum</strong></span> <span class='ocrx_word' id='word_1_211' title='bbox 563 4061 677 4111; x_wconf 86' lang='lat' dir='ltr'><strong>utuntur,</strong></span> <span class='ocrx_word' id='word_1_212' title='bbox 703 4061 798 4118; x_wconf 85' lang='lat' dir='ltr'><strong>excepto</strong></span> <span class='ocrx_word' id='word_1_213' title='bbox 824 4055 945 4112; x_wconf 82' lang='lat' dir='ltr'><strong>Cossutio,</strong></span> <span class='ocrx_word' id='word_1_214' title='bbox 973 4056 1013 4118; x_wconf 88' lang='lat' dir='ltr'><strong>qui</strong></span> <span class='ocrx_word' id='word_1_215' title='bbox 1040 4072 1063 4102; x_wconf 89' lang='lat' dir='ltr'><strong>se</strong></span> <span class='ocrx_word' id='word_1_216' title='bbox 1082 4061 1123 4103; x_wconf 92' lang='lat' dir='ltr'><strong>aut</strong></span> <span class='ocrx_word' id='word_1_217' title='bbox 1142 4057 1304 4118; x_wconf 73' lang='lat' dir='ltr'><strong>(llllvirnm)</strong></span> <span class='ocrx_word' id='word_1_218' title='bbox 1323 4072 1343 4102; x_wconf 88' lang='lat' dir='ltr'><strong>a.</strong></span> <span class='ocrx_word' id='word_1_219' title='bbox 1364 4072 1384 4104; x_wconf 88' lang='lat' dir='ltr'><strong>a.</strong></span> <span class='ocrx_word' id='word_1_220' title='bbox 1404 4074 1427 4105; x_wconf 88' lang='lat' dir='ltr'><strong>a.</strong></span> 
     </span>
     <span class='ocr_line' id='line_1_30' title="bbox 408 4135 1200 4193; baseline 0.004 -10"><span class='ocrx_word' id='word_1_221' title='bbox 408 4136 419 4183; x_wconf 81' lang='lat' dir='ltr'><strong>l</strong></span> <span class='ocrx_word' id='word_1_222' title='bbox 443 4135 458 4181; x_wconf 87' lang='lat' dir='ltr'><strong>f.</strong></span> <span class='ocrx_word' id='word_1_223' title='bbox 477 4136 595 4193; x_wconf 85' lang='lat' dir='ltr'><strong>nominat,</strong></span> <span class='ocrx_word' id='word_1_224' title='bbox 615 4139 655 4183; x_wconf 84' lang='lat' dir='ltr'><strong>aut</strong></span> <span class='ocrx_word' id='word_1_225' title='bbox 673 4138 723 4183; x_wconf 82' lang='lat' dir='ltr'><strong>sine</strong></span> <span class='ocrx_word' id='word_1_226' title='bbox 740 4137 813 4184; x_wconf 90' lang='lat' dir='ltr'><strong>titulo</strong></span> <span class='ocrx_word' id='word_1_227' title='bbox 831 4139 857 4183; x_wconf 75' lang='lat' dir='ltr'><strong>(l.</strong></span> <span class='ocrx_word' id='word_1_228' title='bbox 876 4137 1012 4185; x_wconf 85' lang='lat' dir='ltr'><strong>Cossutium</strong></span> <span class='ocrx_word' id='word_1_229' title='bbox 1031 4137 1200 4186; x_wconf 72' lang='lat' dir='ltr'><strong>Matidianum.</strong></span> 
     </span>
    </p>
   </div>
   <div class='ocr_carea' id='block_1_9' title="bbox 0 0 1558 5086">
    <p class='ocr_par' dir='ltr' id='par_1_12' title="bbox 0 0 1558 5086">
     <span class='ocr_line' id='line_1_31' title="bbox 0 0 1558 5086; baseline 0 3"><span class='ocrx_word' id='word_1_230' title='bbox 0 0 1558 5086; x_wconf 95' lang='lat' dir='ltr'><strong> </strong></span> 
     </span>
    </p>
   </div>
  </div>
 </body>
</html>
