3106 5086
877 471 918 532 22

384 705 469 778 Quae
504 711 536 767 et
572 706 675 787 qualis
713 728 749 770 ee
782 707 914 771 victoria
944 708 1058 784 fuerit,
1092 710 1248 787 vidimus,
1274 733 1409 795 proram

384 849 490 908 autem
527 846 614 910 navis
658 851 787 930 tropaeo
832 848 986 912 atlieotam
1023 852 1063 913 ad
1098 850 1291 916 debellatum
1330 855 1407 918 Sex.

386 979 570 1062 Pompeium
589 982 787 1047 referendam
810 1007 876 1050 esse
900 987 1063 1064 existimo,
1088 1009 1181 1071 quem
1205 992 1302 1074 paulo
1327 997 1408 1058 ante

385 1120 444 1184 has
473 1119 610 1186 Antonii
639 1144 689 1188 res
719 1129 824 1208 gestes
847 1122 963 1190 Caesar
987 1127 1127 1210 collegae
1150 1128 1285 1194 navibus
1308 1131 1406 1194 adiu·

386 1267 438 1326 tus
468 1261 635 1328 devicerat.
684 1261 762 1326 Eam
795 1263 960 1328 victoriam
991 1263 1154 1330 Antonius
1186 1267 1221 1330 in
1245 1267 1403 1335 honorem

386 1400 513 1476 elassis,
545 1423 641 1484 quam
673 1401 701 1465 ei
733 1399 847 1465 Caesar
877 1401 1058 1480 remiserat,
1082 1403 1132 1468 his
1155 1407 1295 1470 nummis
1319 1408 1405 1473 eele-

385 1538 532 1603 breverit.

811 1795 963 1804 -—-—-=

551 2009 594 2073 M.
619 2007 846 2075 ANTONIUS
869 2009 1121 2076 IMPERATOR
1144 2011 1216 2077 1111.

429 2228 599 2312 Reliquum
631 2233 680 2292 est
707 2232 744 2292 ut
768 2231 893 2312 tempus
917 2232 950 2293 et
972 2249 1098 2292 eausam
1123 2232 1254 2311 quartae
1278 2230 1400 2296 saluta·

383 2369 479 2432 tionis
503 2370 743 2435 oonst'tuamus.

430 2509 466 2573 In
504 2512 642 2574 <denariis
676 2510 789 2574 titulus
823 2511 1023 2593 imperatoris
1059 2515 1172 2594 quarto
1208 2513 1399 2578 adscribitur

381 2651 476 2716 titulo
512 2673 573 2715 eos.
613 2652 682 2715 III:
714 2650 777 2714 fuit
807 2650 907 2734 igitur
935 2649 1096 2716 Antonius
1128 2652 1205 2736 imp.
1238 2653 1306 2717 IIII
1339 2675 1399 2737 per

382 2815 501 2857 annum
526 2792 708 2856 consulatus
731 2792 819 2857 tertii
842 2793 923 2876 (31).
973 2791 1053 2858 Oum
1076 2795 1183 2856 autem
1206 2791 1292 2855 tituli
1314 2793 1395 2877 imp.

380 2930 449 2993 IIII
476 2951 538 2994 eos.
564 2931 627 2993 des.
654 2929 704 2992 HI
727 2930 830 2993 iuneti
852 2930 887 2992 in
912 2929 1001 2993 nullo
1026 2951 1157 2994 nummo
1181 2933 1417 2995 ooourrantet‘

379 3069 526 3131 omnibus
563 3067 718 3142 denariis,
751 3067 833 3130 ausis
864 3066 1008 3128 Antonio
1039 3067 1230 3149 imperatore
1260 3072 1393 3152 quarte,

377 3204 410 3264 in
435 3205 565 3268 adversa
588 3209 681 3288 parte
701 3204 851 3268 victoriae
874 3203 1030 3286 imagines
1049 3203 1219 3286 impressae
1231 3204 1313 3280 sint,
1327 3209 1395 3272 veri

376 3341 478 3405 simile
520 3341 558 3402 fit
601 3341 779 3404 Antonium
820 3362 857 3403 eo
891 3342 1051 3422 tempore,
1087 3360 1150 3423 quo
1185 3339 1233 3403 illi
1268 3346 1393 3408 nummi

375 3481 494 3578 signati
530 3484 606 3543 sunt
640 3480 739 3562 (auno
773 3478 813 3540 31
845 3500 870 3540 a
899 3498 925 3543 o.
950 3479 1015 3562 m),
1048 3479 1214 3544 victoriam
1250 3481 1392 3566 aliquem

374 3754 431 3818 poni
450 3752 549 3801 videtur.
588 3750 644 3797 nam
665 3748 802 3813 opinionem
820 3749 965 3812 Borghesius
982 3767 1075 3815 quoque
1084 3756 1173 3801 tuetur.
1189 3753 1281 3816 (Opere
1291 3753 1390 3818 11‚47)

374 3835 463 3900 Quodsi
487 3837 567 3882 autern
585 3832 655 3880 huius
672 3832 762 3879 formae
780 3831 842 3878 tiara
859 3847 906 3879 non
924 3833 953 3880 ad
972 3833 1074 3881 Parthos
1091 3835 1130 3882 sed
1148 3835 1176 3882 ad
1196 3834 1334 3882 Armeniam
1354 3849 1390 3881 re·

373 3917 456 3981 spicit,
475 3917 574 3964 fortasse
592 3914 678 3963 alludit
696 3913 725 3961 sd
742 3913 824 3962 foedus
841 3929 895 3961 cum
912 3915 1054 3972 Artavasde,
1073 3916 1200 3963 Armeniae
1210 3932 1278 3978 rege,
1294 3914 1388 3972 initum,

374 3998 449 4058 (Plut.
471 3998 497 4046 in
520 3998 562 4046 vit,
586 3999 642 4045 not.
665 4012 684 4044 e.
708 3994 750 4055 37)
773 3995 836 4058 quod
854 3995 926 4042 etiam
943 4000 996 4058 post
1013 3996 1063 4045 eius
1080 3997 1206 4046 discessum
1224 4013 1272 4046 non
1290 3999 1390 4061 ruptum

372 4083 415 4128 est.
434 4079 492 4142 (Dio
510 4081 535 4129 Ο.
553 4079 598 4138 49,
618 4077 671 4144 al).
