3106 5086
708 486 750 553 45

222 731 425 815 magistratus
459 731 651 815 reipublicae
685 730 824 794 fuerunt.
872 729 1037 806 (lonced03
1069 733 1123 795 sed
1150 729 1231 816 ¹Ful-

221 868 289 945 via,
331 889 412 951 quae
453 889 510 930 sua
544 866 734 931 auctoritate
769 867 924 931 exercitus
959 867 1167 951 comparabat
1201 872 1234 932 et

221 1005 302 1068 bella
335 1005 481 1088 gerebat,
516 1003 665 1087 perfacile
699 1005 738 1067 iis
773 1004 1012 1087 magistratibus
1045 1007 1233 1087 persuadere

221 1142 343 1224 potuit,
378 1145 415 1206 ut
444 1164 534 1205 suam
562 1141 735 1224 imaginem
764 1142 904 1204 nummis
928 1141 1054 1224 publice
1079 1141 1233 1207 feriundis

221 1278 427 1341 celebrarent:
466 1276 594 1341 favebat
625 1277 721 1340 etiem
751 1276 836 1340 haud
868 1299 968 1361 parva
998 1281 1128 1341 senatus
1159 1301 1233 1362 pars

220 1413 255 1477 L.
282 1412 427 1477 Antonio
451 1420 484 1476 et
507 1412 644 1476 Fuluiae.
692 1411 879 1477 Mnesidium
908 1417 1016 1478 tamen
1041 1414 1081 1497 (si
1104 1415 1232 1498 quidem

220 1571 305 1614 anno
339 1550 382 1613 42
419 1550 538 1613 llllvir
561 1549 634 1632 fuit)
662 1571 791 1613 munere
812 1571 870 1613 suo
890 1572 946 1634 per
966 1551 1044 1616 duos
1063 1551 1232 1616 continuos

220 1706 320 1748 annos
351 1684 498 1749 functum
529 1707 595 1749 esse
626 1686 844 1769 accipiendum
868 1689 952 1770 eret,
978 1689 1064 1770 quod
1088 1689 1233 1771 equidem

219 1821 253 1882 in
280 1822 337 1884 tali
372 1825 633 1905 argumentorum
663 1823 773 1905 inopia
803 1825 994 1887 contendere
1027 1844 1093 1887 non
1122 1824 1233 1888 audeo.

218 1939 310 2031 ‘Quod
340 1958 439 2042 igitur
471 1956 580 2022 Cohen
607 1961 631 2043 Ι)
660 1962 693 2022 et
715 1960 795 2023 alius
819 1960 949 2041 quidam
972 1957 998 2045 ⁹)
1022 1959 1152 2023 Fuluiae
1175 1960 1233 2023 tri-

220 2092 357 2157 buerunt
385 2094 546 2159 Victoriae
575 2095 751 2181 imaginem
782 2096 868 2159 aurei
900 2095 1098 2160 Numeniani
1122 2102 1154 2159 et
1178 2101 1233 2161 de-

220 2228 300 2292 narii
322 2229 526 2306 Mussidiani,
551 2231 583 2294 id
608 2253 657 2294 me
677 2232 805 2314 quidem
826 2232 928 2296 indice
948 2236 1066 2295 temere
1077 2232 1231 2311 fecerunt,

219 2386 251 2427 re
274 2387 332 2448 pro
356 2367 572 2430 demonstrata
595 2372 725 2451 accepte
737 2389 818 2451 quae
829 2369 929 2452 pluris
941 2391 1038 2452 quam
1051 2371 1231 2434 coniectura

217 2521 283 2564 non
307 2502 400 2566 valet.

263 2639 444 2725 Antequam
475 2643 568 2707 huius
600 2644 828 2728 disquisitionis
863 2644 959 2707 finem
988 2644 1141 2721 iacimus,
1166 2647 1229 2708 iam

216 2799 401 2844 moneamus
431 2802 500 2844 eam
529 2781 714 2845 muliebrem
741 2782 933 2865 imaginem,
958 2804 1054 2866 quam
1078 2783 1112 2846 in
1137 2783 1229 2846 cisto-

155 2907 157 2909 ’
215 2917 323 2999 phoris
349 2919 446 3003 capiti
469 2917 605 2982 Antonii
629 2919 771 2982 iunctam
795 2919 984 3002 aspicimus,
1008 2917 1138 2984 Fulviae
1162 2939 1228 2982 non

216 3076 280 3119 esse
301 3055 423 3120 duobus
444 3056 482 3119 de
506 3056 624 3120 causis:
637 3056 776 3138 primum
789 3075 852 3118 non
867 3075 904 3118 eo
917 3056 1011 3118 modo
1024 3057 1227 3138 complacet,

214 3212 277 3274 quo
297 3191 428 3256 Fulviae
448 3191 579 3275 capillos
604 3191 773 3274 dispositos
796 3190 893 3255 fuisse
918 3191 1073 3267 vidimus,
1098 3191 1227 3268 deinde,

214 3326 247 3389 id
277 3330 362 3409 quod
395 3328 538 3390 omnium
566 3326 781 3391 firmissimum
813 3332 1037 3411 argumentum
1070 3331 1134 3403 cst,
1165 3335 1228 3410 quo

214 3466 356 3545 tempore
387 3462 435 3526 illi
467 3463 641 3546 cistophori
673 3464 740 3527 cusi
763 3467 855 3540 sunt,
879 3465 966 3548 (post
988 3464 1125 3546 priorem
1149 3462 1227 3525 anni

215 3599 256 3661 39
279 3598 416 3684 partem)
440 3598 503 3660 iem
527 3599 581 3662 diu
604 3598 719 3663 Fulvia
746 3601 878 3664 obierat.

247 3799 274 3863 1)
293 3797 357 3848 Med.
375 3800 453 3864 Imp.¹
473 3801 494 3848 I.
508 3817 561 3865 pag.
577 3803 622 3864 351.

246 3879 271 3941 2)
289 3881 355 3931 Berl.
374 3882 537 3930 Miinzblllttcr
554 3883 618 3930 1881
640 3884 791 3932 Oet—Nor.

613 4068 804 4079 —u—u—
