3106 5086
678 529 683 540 .
709 473 727 535 5

211 713 311 780 raohii
350 714 525 778 remoranti
549 737 567 778 a
592 711 713 778 Catone
736 715 904 799 imperium
933 709 1076 779 oblatum
1105 717 1169 791 est,
1195 718 1231 778 ut

211 853 431 939 proconsulari
454 853 586 937 imperio
608 854 752 918 nondum
777 854 929 919 destituto
954 851 989 939 1).
1039 854 1100 920 Sed
1119 852 1229 920 Cicero

209 994 342 1060 victoria
375 992 518 1060 Caesaris
541 994 660 1058 bellum
684 994 745 1058 sibi
769 993 896 1058 finitum
921 972 987 1058 esse
1011 994 1178 1058 constituit
1201 991 1227 1078 ²)

210 1140 242 1200 et
264 1134 482 1200 Brundusium
507 1157 665 1212 reversus,
690 1137 860 1218 postquam
881 1135 935 1198 diu
955 1155 1106 1217 suspenso
1120 1135 1227 1198 animo

210 1275 286 1358 qnid
310 1272 425 1343 Caesar
449 1277 487 1338 da
511 1295 544 1338 se
571 1275 720 1352 sentiret,
746 1274 989 1357 expectavisset,
1013 1274 1142 1338 tandem
1170 1274 1226 1338 lit-

208 1417 293 1478 teras
326 1414 402 1478 satis
437 1413 585 1477 liberales
609 1414 649 1477 ab
672 1435 709 1477 eo
733 1412 855 1496 accepit
879 1413 1000 1497 (mense
1024 1411 1135 1478 Sextili
1157 1412 1223 1497 47).

209 1553 268 1618 His
302 1553 416 1618 litteris
440 1551 555 1618 Caesar
578 1553 790 1637 trepidantem
814 1554 914 1617 erexit
936 1557 974 1630 et
989 1553 1135 1616 hortatus
1159 1555 1223 1628 est,
1319 1582 1321 1586 v

208 1697 245 1758 ut
267 1685 372 1759 »esset
395 1693 450 1778 qui
473 1693 606 1757 luisset*
634 1694 670 1777 3).
718 1689 866 1759 Ceterum
890 1691 1074 1759 Ciceronem
1097 1692 1147 1757 his
1166 1692 1222 1756 lit·
1335 1663 1338 1668 Ι

207 1835 283 1898 teris
315 1856 334 1898 a
365 1831 498 1899 Caesare
529 1835 753 1918 imperatorem
786 1833 980 1917 appellatum
1004 1834 1101 1898 fuisse
1125 1837 1158 1898 et
1180 1834 1221 1897 ab

210 1995 247 2037 co
284 1974 345 2037 sibi
368 1995 532 2038 concessos
555 1973 655 2037 fasces
679 1973 837 2036 laureatos
859 1973 1016 2050 tenuisse,
1043 1974 1147 2056 quoad
1175 1975 1223 2037 te-

206 2115 329 2178 nendos
354 2118 498 2198 putaret,
524 2136 561 2178 ex
585 2115 652 2178 eius
676 2113 820 2177 oratione
843 2134 901 2197 pro
926 2113 1053 2197 Ligario
1075 2115 1103 2199 Α)
1121 2136 1220 2198 appa-

209 2257 267 2319 ret.
315 2252 402 2336 Ergo
425 2254 520 2317 adid
544 2258 669 2336 tempus
694 2255 762 2317 erat
779 2273 865 2336 proc.
888 2256 920 2316 et
938 2253 1026 2336 imp„
1048 2255 1219 2337 quostitu-

203 2393 253 2458 los
289 2417 308 2457 a
340 2392 490 2460 Cicerone
522 2396 599 2459 urbe
630 2396 752 2458 intrata
782 2395 895 2479 paulo,
920 2397 957 2458 nt
980 2395 1123 2473 videtur,
1147 2399 1221 2479 post

204 2534 363 2618 depositos
403 2537 486 2611 esse,
524 2556 562 2597 er
596 2534 662 2597 eius
697 2533 812 2599 litteris
848 2535 887 2598 ad
923 2535 1058 2599 Matium
1092 2555 1217 2619 compe-

203 2672 302 2737 rimus
325 2675 363 2759 ⁵).

248 2813 297 2878 Ex
327 2812 489 2880 Ciceronis
522 2819 627 2879 autem
660 2812 805 2898 exemplo
828 2814 907 2878 haec
930 2814 1129 2897 potissimum
1154 2813 1217 2878 col-

201 2953 360 3038 ligmtur:

250 3092 277 3156 I.
307 3075 436 3158 ⁸Stante
469 3094 632 3178 republica
676 3117 768 3159 nemo
812 3098 986 3180 imperator
1029 3100 1093 3176 est,
1137 3100 1215 3183 quin
1268 3115 1269 3120 ’

202 3233 296 3298 simul
331 3235 499 3318 imperium
533 3237 758 3319 proconsulare
791 3238 946 3303 obtineat.
1005 3239 1213 3315 Quamobrem

95 3410 99 3416 ·
201 3373 289 3437 tituli
313 3375 339 3459 6)
374 3373 419 3440 M.
445 3373 583 3438 Antonii
606 3379 637 3439 et
660 3375 704 3440 M.
730 3376 842 3459 Lepidi
865 3399 940 3442 »cos
962 3379 1063 3463 imp.”
1088 3382 1216 3464 proprie

84 3579 87 3584 ,
201 3535 337 3597 vereque
367 3535 434 3577 non
464 3511 601 3596 legitimi
631 3513 708 3579 sunt
732 3521 757 3594 ⁷)
790 3521 840 3594 et,
871 3521 908 3581 ut
941 3519 1073 3604 opinor,
1106 3521 1215 3584 eodem

235 3791 259 3849 1)
278 3789 344 3838 Plut.
362 3788 410 3838 Cic.
429 3790 469 3838 39.
576 3792 604 3857 2)
622 3793 688 3845 Fam.
705 3794 767 3854 VII,
788 3797 810 3844 3.
830 3798 853 3846 3.
955 3800 981 3864 3)
1001 3801 1066 3851 Fam.
1086 3803 1156 3852 XIV.
1174 3806 1215 3856 23.

208 3901 211 3910 ι
232 3871 261 3937 4)
280 3872 331 3921 III.
351 3871 373 3923 7.
575 3875 602 3939 5)
622 3875 687 3926 Fam.
706 3877 750 3926 XI.
768 3877 808 3929 27.
825 3881 848 3928 5.

236 3954 263 4019 t)
281 3954 322 4017 qui
340 3954 495 4005 inveniuntur
512 3956 537 4005 in
554 3957 657 4006 donariis
675 3959 737 4024 apud
755 3959 812 4011 Coh.
832 3961 900 4011 Me‘d.
918 3979 980 4014 cons.
998 3966 1044 4016 tab.
1064 3969 1107 4028 IV,
1125 3972 1164 4020 14.
1175 3972 1213 4019 15.

199 4034 322 4100 depinctia.

233 4117 260 4182 l)
278 4119 306 4167 do
324 4119 371 4168 alia
388 4120 458 4170 huius
476 4122 510 4170 rei
528 4123 682 4186 explicatione
699 4124 752 4172 vide
770 4125 824 4176 diss.
842 4143 894 4192 pag.
914 4129 945 4181 27
964 4147 1014 4195 sqq.
