3106 5086
672 471 712 536 41

188 711 227 774 ad
259 711 423 774 mulierem
454 710 558 773 vivam
587 711 620 771 et
643 707 808 772 Octaviam
831 709 989 803 pertinere
1013 715 1127 793 neget,
1153 710 1201 774 af·

187 846 293 910 firmet
316 846 392 909 deae
415 845 576 909 Victoriae
598 844 648 908 vel
671 844 752 908 alius
775 867 851 910 esse.
888 845 971 909 Item
987 846 1023 909 in
1038 846 1200 931 cistopho-

188 982 233 1045 ris
256 985 288 1045 et
311 981 450 1044 nummis
473 979 507 1044 Ο.
532 979 646 1043 Fontei
670 983 766 1063 caput
790 979 926 1043 Antonii
950 1001 1016 1044 non
1046 1003 1117 1044 cum
1141 982 1200 1045 ali-

189 1142 253 1204 qua
270 1119 378 1183 divina
401 1118 503 1202 effigie
526 1118 670 1182 iunctum
695 1117 864 1200 aspicitur,
889 1119 943 1180 sed
967 1138 1031 1181 una
1052 1139 1124 1181 cum
1137 1118 1199 1182 Oc-

187 1256 274 1318 tavia
306 1259 454 1338 apparet,
491 1255 598 1317 eadem
633 1254 758 1317 ratione
792 1275 855 1337 qua
890 1255 924 1316 in
956 1255 1199 1318 tetradrachmis

188 1392 441 1456 Ptolemaeorum
464 1413 519 1454 rex
542 1393 576 1454 εὴ
599 1391 719 1474 regina.

224 1523 337 1591 ¹Immo
363 1531 396 1591 εὴ
420 1526 605 1611 Cleopatrae
629 1530 662 1589 εὴ
685 1525 834 1590 Octaviae
854 1527 1010 1610 imagines
1035 1527 1070 1590 in
1093 1526 1199 1590 Anto·
1262 1565 1264 1568 -

188 1666 235 1728 nii
264 1666 403 1729 nummis
434 1666 499 1729 sive
529 1665 564 1727 in
595 1665 704 1727 eadem
728 1667 835 1746 parte,
860 1686 924 1747 qua
948 1663 1061 1727 IIIviri
1085 1667 1199 1747 caput,

188 1802 252 1866 sive
283 1802 318 1865 in
350 1805 481 1866 adversa
511 1803 601 1884 parte
632 1800 790 1884 conspici,
814 1820 881 1863 non
904 1804 1021 1864 temore
1044 1800 1200 1864 affirmare

188 1938 281 2002 nobis
312 1939 472 2002 videmur:
498 1939 536 2001 de
557 1935 727 2021 Cleopatra
750 1937 898 2000 certiores
922 1958 980 2000 nos
1003 1937 1082 2000 facit
1105 1942 1200 2000 notus

187 2074 335 2138 denarius
359 2075 464 2159 (ausus
483 2095 568 2136 anno
590 2075 632 2137 34
652 2095 679 2136 a.
706 2095 722 2136 c
762 2075 827 2154 n),
845 2073 880 2134 in
898 2093 961 2154 quo
980 2072 1114 2154 imagini
1133 2073 1200 2136 eius

187 2231 305 2302 nomen
328 2211 422 2273 etiam
446 2209 675 2272 circumdatum
700 2212 765 2283 est;
790 2207 938 2274 Octaviae
962 2211 1067 2271 autem
1091 2229 1200 2272 omnes

186 2345 353 2408 muliebres
383 2346 539 2430 imagines
568 2345 752 2408 tribuendas
788 2367 870 2422 esse,
899 2367 978 2428 quas
1002 2346 1036 2408 in
1061 2345 1200 2408 nummis

186 2482 416 2564 praefectorum
448 2483 555 2546 classis
587 2504 748 2565 expressas
782 2482 941 2558 videmus,
973 2484 1057 2545 recte
1079 2481 1199 2544 Lenor-

186 2621 276 2680 mant
300 2615 326 2703 1)
357 2620 389 2681 et
421 2618 612 2700 borghesius
638 2620 662 2702 ²)
687 2620 918 2681 demonstrasse
939 2616 1018 2678 mihi
1040 2617 1199 2680 videntur.

186 2751 259 2816 Alia
288 2775 361 2816 vero
393 2775 442 2817 res
474 2758 521 2818 est
545 2757 652 2816 utrum
677 2753 824 2829 Fulviae,
848 2753 892 2815 M.
914 2751 1051 2815 Antonii
1075 2753 1198 2828 uxoris,

184 2890 290 2972 imago
323 2891 460 2952 nummis
488 2889 640 2954 Romanis
664 2888 767 2952 efficta
791 2889 833 2976 sit
856 2910 973 2964 necne3
998 2911 1069 2952 cum
1093 2891 1200 2952 autem

186 3025 290 3107 capita
314 3025 342 3087 ei
369 3025 523 3087 attributa
546 3047 669 3108 semper
693 3025 751 3088 sub
776 3028 851 3087 deae
875 3024 1036 3088 Victoriae
1059 3024 1199 3106 imagine

185 3159 307 3223 lateant
328 3182 506 3244 nomenque
527 3183 700 3243 numquam
721 3161 915 3244 adscriptum
926 3160 1086 3236 habeant,
1100 3159 1200 3243 (quod

182 3296 346 3377 republica
381 3299 486 3359 stante
522 3297 606 3359 baud
638 3317 714 3359 sanc
744 3295 812 3360 fieri
830 3296 980 3378 potuit),
1010 3318 1047 3358 aa
1069 3317 1118 3358 res
1143 3316 1200 3378 pro

186 3454 259 3494 vera
290 3432 440 3495 affirmari
466 3454 532 3496 non
562 3435 685 3516 potest,
709 3432 840 3494 omnino
865 3432 1048 3495 coniectura
1071 3434 1201 3494 tantum

187 3570 336 3652 consequi
359 3571 391 3632 εὴ
413 3569 480 3633 veri
503 3568 638 3632 similem
662 3568 764 3631 dicere
793 3569 876 3631 licet.

231 3706 264 3772 si
286 3706 442 3790 imagines
467 3704 651 3780 muliebres,
676 3725 754 3787 quas
774 3702 912 3766 Antonii
932 3703 1055 3766 nummi
1069 3702 1199 3782 habent,

193 3858 360 3871 ffl

219 3942 246 4005 1)
272 3940 358 3991 'Precor
384 3943 412 3989 de
438 3939 555 3989 Numism,
584 3944 607 3988 et
630 3939 658 3986 de
682 3937 778 4002 alypi:
806 3937 977 4001 Iconographic
1001 3939 1041 3985 des
1058 3937 1201 4000 Empercurs

186 4025 213 4072 a.
231 4040 254 4088 p.
272 4025 303 4082 t,
322 4026 344 4072 5.

219 4108 246 4170 2)
273 4109 352 4171 Opere
370 4107 396 4153 ΙΙ
414 4123 440 4170 μ,
457 4107 495 4154 92.
